name,ttm,03/31/2024,03/31/2023,03/31/2022,03/31/2021,03/31/2020,03/31/2019,03/31/2018,03/31/2017,03/31/2016,03/31/2015,03/31/2014,03/31/2013,03/31/2012,03/31/2011,03/31/2010,03/31/2009,03/31/2008,03/31/2007,03/31/2006,03/31/2005,03/31/2004,03/31/2003,03/31/2002,03/31/2001,03/31/2000,03/31/1999
TotalRevenue,"18,659,000,000","18,562,000,000","18,212,000,000","16,311,000,000","13,561,000,000","12,780,000,000","11,799,000,000","10,939,000,000","10,208,000,000","9,501,000,000","8,711,000,000","8,249,000,000","7,398,000,000","6,994,000,000","6,041,000,000","4,804,000,000","4,663,000,000","4,176,000,000","3,090,000,000","2,152,000,000","1,592,000,000","1,062,584,888","753,807,025","545,051,214","413,850,510","203,443,754","120,955,226"
	OperatingRevenue,"18,659,000,000","18,562,000,000","18,212,000,000","16,311,000,000","13,561,000,000","12,780,000,000","11,799,000,000","10,939,000,000","10,208,000,000","9,501,000,000","8,711,000,000","8,249,000,000","7,398,000,000","6,994,000,000","6,041,000,000","4,804,000,000","4,663,000,000","4,176,000,000","3,090,000,000","2,152,000,000","1,592,000,000","1,062,584,888","753,807,025","545,051,214","413,850,510","203,443,754","120,955,226"
CostOfRevenue,"13,023,000,000","12,975,000,000","12,709,000,000","10,996,000,000","8,828,000,000","8,552,000,000","7,687,000,000","7,001,000,000","6,446,000,000","5,950,000,000","5,374,000,000","5,292,000,000","4,637,000,000","4,118,000,000","3,497,000,000","2,749,000,000","2,699,000,000","2,453,000,000","1,777,000,000","1,244,000,000","904,000,000","602,289,263","417,359,025","290,032,232","213,613,744","98,812,377","43,900,000"
GrossProfit,"5,636,000,000","5,587,000,000","5,503,000,000","5,315,000,000","4,733,000,000","4,228,000,000","4,112,000,000","3,938,000,000","3,762,000,000","3,551,000,000","3,337,000,000","2,957,000,000","2,761,000,000","2,876,000,000","2,544,000,000","2,055,000,000","1,964,000,000","1,723,000,000","1,313,000,000","908,000,000","688,000,000","460,295,625","336,448,000","255,018,982","200,236,766","104,631,377","77,055,226"
OperatingExpense,"1,754,000,000","1,738,000,000","1,643,000,000","1,560,000,000","1,408,000,000","1,504,000,000","1,416,000,000","1,279,000,000","1,242,000,000","1,183,000,000","1,008,000,000","978,000,000","852,000,000","863,000,000","765,000,000","595,000,000","590,000,000","572,000,000","461,000,000","309,000,000","232,000,000","167,179,572","117,803,804","76,471,075","62,722,180","44,132,324","54,200,000"
	SellingGeneralAndAdministration,"1,594,000,000","1,578,000,000","1,490,000,000","1,560,000,000","1,408,000,000","1,504,000,000","1,416,000,000","1,279,000,000","1,242,000,000","1,035,000,000","890,000,000","978,000,000","852,000,000","863,000,000","686,000,000","595,000,000","590,000,000","564,000,000","458,000,000","309,000,000","230,000,000","159,035,588","113,458,358","71,461,303","57,640,385","26,746,520","29,100,000"
		GeneralAndAdministrativeExpense,"1,411,000,000","1,410,000,000","1,330,000,000","868,000,000","784,000,000","840,000,000","778,000,000","727,000,000","707,000,000","513,000,000","410,000,000","547,000,000","479,000,000","497,000,000","354,000,000","344,000,000","351,000,000",,,,,,,,,,
			SalariesAndWages,,"985,000,000","905,000,000","873,000,000","275,000,000","253,000,000","227,000,000","231,000,000","220,000,000","206,000,000","174,000,000",,"148,000,000",,"147,000,000",,,,,,,,,,,,
			RentAndLandingFees,,,"7,000,000","6,000,000","6,000,000","3,000,000","20,000,000","20,000,000","17,000,000","11,000,000","9,000,000",,"11,000,000",,"9,000,000",,,,,,,,,,,,
			InsuranceAndClaims,,"25,000,000","21,000,000","22,000,000","18,000,000","12,000,000","9,000,000","9,000,000","8,000,000","9,000,000","9,000,000",,"8,000,000",,"7,000,000",,,,,,,,,,,,
			OtherGandA,"401,000,000","400,000,000","404,000,000","868,000,000","784,000,000","840,000,000","778,000,000","727,000,000","707,000,000","287,000,000","218,000,000","547,000,000","479,000,000","497,000,000","191,000,000","344,000,000","351,000,000",,,,,,,,,,
		SellingAndMarketingExpense,"183,000,000","168,000,000","160,000,000","692,000,000","624,000,000","664,000,000","638,000,000","552,000,000","535,000,000","522,000,000","480,000,000","431,000,000","373,000,000","366,000,000","332,000,000","251,000,000","239,000,000",,,,,,,,,,
	DepreciationAmortizationDepletionIncomeStatement,,,,,,,,,,,,,,,,,,"8,000,000","3,000,000",,"2,000,000","8,143,984","4,345,446","5,009,772","5,081,795","17,385,804","25,100,000"
		DepreciationAndAmortizationInIncomeStatement,,,,,,,,,,,,,,,,,,"8,000,000","3,000,000",,"2,000,000","8,143,984","4,345,446","5,009,772","5,081,795","17,385,804","25,100,000"
			Amortization,,,,,,,,,,,,,,,,,,"8,000,000","3,000,000",,"2,000,000","8,143,984","4,345,446","5,009,772","5,081,795",,
				AmortizationOfIntangiblesIncomeStatement,,,,,,,,,,,,,,,,,,"8,000,000","3,000,000",,"2,000,000","8,143,984","4,345,446","5,009,772","5,081,795",,
	ProvisionForDoubtfulAccounts,,,,,,,,,,,,,"7,000,000",,"0",,,,,,,,,,,,
	OtherTaxes,,"39,000,000","37,000,000","35,000,000","35,000,000","27,000,000","27,000,000","25,000,000","22,000,000","17,000,000","21,000,000",,"15,000,000",,"12,000,000",,,,,,,,,,,,
	OtherOperatingExpenses,,"121,000,000","116,000,000","110,000,000","125,000,000","151,000,000","134,000,000","127,000,000","145,000,000","131,000,000","97,000,000",,"73,000,000",,"67,000,000",,,,,,,,,,,,
OperatingIncome,"3,882,000,000","3,849,000,000","3,860,000,000","3,755,000,000","3,325,000,000","2,724,000,000","2,696,000,000","2,659,000,000","2,520,000,000","2,368,000,000","2,329,000,000","1,979,000,000","1,909,000,000","2,013,000,000","1,779,000,000","1,460,000,000","1,374,000,000","1,151,000,000","852,000,000","599,000,000","456,000,000","293,116,053","218,644,196","178,547,907","137,514,586","60,499,053","22,855,226"
NetNonOperatingInterestIncomeExpense,,"431,000,000","191,000,000","194,000,000","190,000,000","240,000,000","300,000,000","407,000,000","380,000,000","402,000,000","447,000,000","356,000,000","329,000,000","374,000,000","250,000,000","164,000,000","186,000,000",,,,,,,,,,
	InterestIncomeNonOperating,,"487,000,000","226,000,000","221,000,000","216,000,000","264,000,000","300,000,000","407,000,000","380,000,000","402,000,000","447,000,000","356,000,000","329,000,000","374,000,000","250,000,000","164,000,000","186,000,000",,,,,,,,,,
	InterestExpenseNonOperating,,"56,000,000","35,000,000","27,000,000","26,000,000","24,000,000","0","0",,,,,,,,,,,,,,,,,,,
OtherIncomeExpense,"97,000,000","66,000,000","74,000,000","87,000,000","81,000,000","131,000,000","7,000,000","77,000,000","74,000,000","81,000,000","42,000,000","84,000,000","104,000,000","397,000,000","17,000,000","40,000,000","-85,000,000","6,000,000","41,000,000","31,000,000","35,000,000","27,950,174","18,048,110","3,441,640","9,505,343","9,038,792","-500,000"
	GainOnSaleOfSecurity,,"57,000,000","69,000,000","60,000,000","50,000,000","105,000,000","69,000,000","76,000,000","57,000,000","35,000,000","106,000,000","75,000,000","90,000,000",,"14,000,000","34,000,000","1,000,000",,,,,,,,,,
	EarningsFromEquityInterest,,,,,,"0","0","-11,000,000","-5,000,000","0","0","0",,,,,,,,,,,,,,,
	SpecialIncomeCharges,,"-15,000,000","-35,000,000","-23,000,000","-25,000,000","-24,000,000","-104,000,000","-18,000,000","0","7,000,000","-71,000,000",,"-2,000,000","23,000,000","9,000,000","6,000,000","-86,000,000","6,000,000","41,000,000","31,000,000","35,000,000","27,950,174","18,048,110","3,441,640","9,505,343","9,038,792","-500,000"
		ImpairmentOfCapitalAssets,,,,,"0","0","39,000,000","18,000,000","0",,,,,,,,,,,,,,,,,,
		WriteOff,,"15,000,000","35,000,000","23,000,000","25,000,000","24,000,000","35,000,000","11,000,000","21,000,000","-7,000,000","29,000,000",,,,,,,,,,,,,,,,
		OtherSpecialCharges,,,,,,,,,"34,000,000",,"42,000,000",,"2,000,000",,,,,,,,,,,,,,
		GainOnSaleOfBusiness,,,,,"0","0","-65,000,000","0","0",,,,,,,,,,,,,,,,,,
	OtherNonOperatingIncomeExpenses,"55,000,000","24,000,000","40,000,000","27,000,000","31,000,000","26,000,000","42,000,000","30,000,000","22,000,000","39,000,000","7,000,000","9,000,000","14,000,000","397,000,000","3,000,000",,,,,,,,,,,,
PretaxIncome,"4,410,000,000","4,346,000,000","4,125,000,000","4,036,000,000","3,596,000,000","3,095,000,000","3,003,000,000","3,143,000,000","2,974,000,000","2,851,000,000","2,818,000,000","2,419,000,000","2,342,000,000","2,410,000,000","2,046,000,000","1,669,000,000","1,475,000,000","1,326,000,000","936,000,000","630,000,000","491,000,000","321,066,227","236,692,306","192,413,201","147,019,929","69,537,845","22,300,000"
TaxProvision,"1,201,000,000","1,177,000,000","1,142,000,000","1,068,000,000","973,000,000","757,000,000","803,000,000","657,000,000","834,000,000","799,000,000","805,000,000","668,000,000","617,000,000","694,000,000","547,000,000","356,000,000","194,000,000","171,000,000","84,000,000","70,000,000","72,000,000","50,775,927","41,822,265","27,946,892","15,071,825","8,193,317","4,900,000"
NetIncomeCommonStockholders,"3,206,000,000","3,167,000,000","2,981,000,000","2,963,000,000","2,613,000,000","2,331,000,000","2,199,000,000","2,486,000,000","2,140,000,000","2,052,000,000","2,013,000,000","1,751,000,000","1,725,000,000","1,716,000,000","1,499,000,000","1,313,000,000","1,281,000,000","1,155,000,000","850,000,000","555,000,000","419,000,000","270,290,300","194,870,041","164,466,309","131,948,104","61,344,528","17,400,000"
	NetIncome,"3,206,000,000","3,167,000,000","2,981,000,000","2,963,000,000","2,613,000,000","2,331,000,000","2,199,000,000","2,486,000,000","2,140,000,000","2,052,000,000","2,013,000,000","1,751,000,000","1,725,000,000","1,716,000,000","1,499,000,000","1,313,000,000","1,281,000,000","1,155,000,000","850,000,000","555,000,000","419,000,000","270,290,300","194,870,041","164,466,309","131,948,104","61,344,528","17,400,000"
		NetIncomeIncludingNoncontrollingInterests,"3,208,000,000","3,169,000,000","2,983,000,000","2,968,000,000","2,623,000,000","2,338,000,000","2,200,000,000","2,486,000,000","2,140,000,000","2,052,000,000","2,013,000,000","1,751,000,000","1,725,000,000","1,716,000,000","1,499,000,000","1,313,000,000","1,281,000,000","1,155,000,000","852,000,000","560,000,000","419,000,000","270,290,300","194,870,041","164,466,309","131,948,104","61,344,528","17,400,000"
			NetIncomeContinuousOperations,"3,208,000,000","3,169,000,000","2,983,000,000","2,968,000,000","2,623,000,000","2,338,000,000","2,200,000,000","2,486,000,000","2,140,000,000","2,052,000,000","2,013,000,000","1,751,000,000","1,725,000,000","1,716,000,000","1,499,000,000","1,313,000,000","1,281,000,000","1,155,000,000","850,000,000","555,000,000","419,000,000","270,290,300","194,870,041","164,466,309","131,948,104","61,344,528","17,400,000"
		MinorityInterests,,"-2,000,000","-2,000,000","-5,000,000","-10,000,000","-7,000,000","-1,000,000","0","0","0","0","0","0","0","0","0","0",,"-2,000,000","-5,000,000",,,,,,,
DilutedNIAvailtoComStockholders,"3,206,000,000","3,167,000,000","2,981,000,000","2,963,000,000","2,613,000,000","2,331,000,000","2,199,000,000","2,486,000,000","2,140,000,000","2,052,000,000","2,013,000,000","1,751,000,000","1,725,000,000","1,716,000,000","1,499,000,000","1,313,000,000","1,281,000,000","1,155,000,000","850,000,000","555,000,000","419,000,000","270,290,300","194,870,041","164,466,309","131,948,104","61,344,528","17,400,000"
BasicEPS,"0.78","0.77","0.71","0.7","0.62","0.55","0.51","0.55","0.47","0.45","0.44","0.383","0.378","0.375","0.328","0.288","0.281","0.254","0.191","0.128","0.098","0.064","0.046","0.039","0.031","0.015","0.004"
DilutedEPS,"0.77","0.76","0.71","0.7","0.61","0.55","0.51","0.55","0.47","0.45","0.44","0.383","0.378","0.375","0.328","0.288","0.281","0.253","0.188","0.124","0.095","0.063","0.046","0.039","0.031","0.015","0.004"
BasicAverageShares,"4,133,584,430","4,138,568,090","4,180,897,857","4,209,546,724","4,242,416,665","4,257,754,522","4,347,130,157","4,510,664,644","4,571,278,894","4,571,232,320","4,571,220,528","4,571,220,528","4,571,193,904","4,570,923,952","4,569,440,400","4,563,807,384","4,557,252,888","4,548,517,920","4,432,149,912","4,345,281,776","4,270,416,528","4,204,484,928","4,196,544,128","4,195,625,472","4,209,360,384","4,202,216,000","3,928,246,400"
DilutedAverageShares,"4,139,696,765","4,144,680,425","4,187,731,070","4,218,525,134","4,250,732,467","4,265,144,228","4,353,420,772","4,515,147,740","4,572,793,490","4,571,437,788","4,571,285,880","4,571,220,528","4,571,200,728","4,571,169,136","4,570,946,864","4,568,928,248","4,565,036,648","4,562,951,800","4,528,884,656","4,463,742,288","4,377,446,608","4,274,659,776","4,254,656,576","4,229,431,936","4,269,743,296","4,215,295,360","3,936,472,320"
TotalOperatingIncomeAsReported,"3,867,000,000","3,834,000,000","3,825,000,000","3,755,000,000","3,325,000,000","2,724,000,000","2,696,000,000","2,659,000,000","2,520,000,000","2,375,000,000","2,258,000,000","1,979,000,000","1,909,000,000","2,013,000,000","1,779,000,000","1,460,000,000","1,374,000,000","1,151,000,000","852,000,000","599,000,000","456,000,000","293,116,053","218,644,196","178,547,907","137,514,586","60,499,053","22,855,226"
RentExpenseSupplemental,,,"11,000,000","9,000,000","10,000,000","9,000,000","72,000,000","70,000,000","63,000,000","48,000,000","44,000,000",,"39,000,000",,"29,000,000",,,,,,,,,,,,
TotalExpenses,"14,777,000,000","14,713,000,000","14,352,000,000","12,556,000,000","10,236,000,000","10,056,000,000","9,103,000,000","8,280,000,000","7,688,000,000","7,133,000,000","6,382,000,000","6,270,000,000","5,489,000,000","4,981,000,000","4,262,000,000","3,344,000,000","3,289,000,000","3,025,000,000","2,238,000,000","1,553,000,000","1,136,000,000","769,468,835","535,162,829","366,503,307","276,335,924","142,944,701","98,100,000"
NetIncomeFromContinuingAndDiscontinuedOperation,"3,206,000,000","3,167,000,000","2,981,000,000","2,963,000,000","2,613,000,000","2,331,000,000","2,199,000,000","2,486,000,000","2,140,000,000","2,052,000,000","2,013,000,000","1,751,000,000","1,725,000,000","1,716,000,000","1,499,000,000","1,313,000,000","1,281,000,000","1,155,000,000","850,000,000","555,000,000","419,000,000","270,290,300","194,870,041","164,466,309","131,948,104","61,344,528","17,400,000"
NormalizedIncome,"3,175,438,095.238","3,136,382,000","2,956,418,000","2,918,877,106.046","2,576,528,921.023","2,251,681,744.75","2,224,641,025.641","2,440,124,085.269","2,098,984,532.616","2,021,760,000","1,988,010,000","1,696,700,000","1,658,670,000","1,716,000,000","1,488,738,000","1,281,532,055.123","1,354,820,338.983","1,149,773,755.656","812,679,487.179","527,444,444.444","389,132,382.892","246,760,385.359","180,010,935.543","161,524,547.079","123,417,206.215","53,370,734.321","17,790,134.529"
InterestIncome,,"487,000,000","226,000,000","221,000,000","216,000,000","264,000,000","300,000,000","407,000,000","380,000,000","402,000,000","447,000,000","356,000,000","329,000,000","374,000,000","250,000,000","164,000,000","186,000,000",,,,,,,,,,
InterestExpense,,"56,000,000","35,000,000","27,000,000","26,000,000","24,000,000","0","0",,,,,,,,,,,,,,,,,,,
NetInterestIncome,,"431,000,000","191,000,000","194,000,000","190,000,000","240,000,000","300,000,000","407,000,000","380,000,000","402,000,000","447,000,000","356,000,000","329,000,000","374,000,000","250,000,000","164,000,000","186,000,000",,,,,,,,,,
EBIT,"4,435,000,000","4,402,000,000","4,160,000,000","4,063,000,000","3,622,000,000","3,119,000,000","3,003,000,000","3,143,000,000","2,520,000,000","2,368,000,000","2,329,000,000","1,979,000,000","1,909,000,000","2,013,000,000","1,779,000,000","1,460,000,000","1,374,000,000","1,151,000,000","852,000,000","599,000,000","456,000,000","293,116,053","218,644,196","178,547,907","137,514,586","60,499,053","22,855,226"
EBITDA,"4,435,000,000","4,967,000,000","4,684,000,000","4,529,000,000","4,063,000,000","3,526,000,000","3,290,000,000","3,432,000,000","2,774,000,000","2,590,000,000","2,504,000,000","2,205,000,000","2,116,000,000","2,208,000,000","1,968,000,000","1,659,000,000","1,539,000,000","1,308,000,000","970,000,000","698,000,000","522,000,000","348,202,103","262,832,503","217,166,070","167,124,248","77,884,857","47,955,226"
ReconciledCostOfRevenue,"13,023,000,000","12,975,000,000","12,709,000,000","10,996,000,000","8,828,000,000","8,552,000,000","7,687,000,000","7,001,000,000","6,446,000,000","5,950,000,000","5,374,000,000","5,292,000,000","4,637,000,000","4,118,000,000","3,497,000,000","2,749,000,000","2,699,000,000","2,304,000,000","1,662,000,000","1,244,000,000","840,000,000","555,347,197","377,516,164","256,423,841","189,085,877","98,812,377","43,900,000"
ReconciledDepreciation,,"565,000,000","524,000,000","466,000,000","441,000,000","407,000,000","287,000,000","289,000,000","254,000,000","222,000,000","175,000,000","226,000,000","207,000,000","195,000,000","189,000,000","199,000,000","165,000,000","157,000,000","118,000,000","99,000,000","66,000,000","55,086,050","44,188,307","38,618,163","29,609,662","17,385,804","25,100,000"
NetIncomeFromContinuingOperationNetMinorityInterest,"3,206,000,000","3,167,000,000","2,981,000,000","2,963,000,000","2,613,000,000","2,331,000,000","2,199,000,000","2,486,000,000","2,140,000,000","2,052,000,000","2,013,000,000","1,751,000,000","1,725,000,000","1,716,000,000","1,499,000,000","1,313,000,000","1,281,000,000","1,155,000,000","850,000,000","555,000,000","419,000,000","270,290,300","194,870,041","164,466,309","131,948,104","61,344,528","17,400,000"
TotalUnusualItemsExcludingGoodwill,"42,000,000","42,000,000","34,000,000","60,000,000","50,000,000","105,000,000","-35,000,000","58,000,000","57,000,000","42,000,000","35,000,000","75,000,000","90,000,000","23,000,000","14,000,000","40,000,000","-85,000,000","6,000,000","41,000,000","31,000,000","35,000,000","27,950,174","18,048,110","3,441,640","9,505,343","9,038,792","-500,000"
TotalUnusualItems,"42,000,000","42,000,000","34,000,000","60,000,000","50,000,000","105,000,000","-35,000,000","58,000,000","57,000,000","42,000,000","35,000,000","75,000,000","90,000,000","23,000,000","14,000,000","40,000,000","-85,000,000","6,000,000","41,000,000","31,000,000","35,000,000","27,950,174","18,048,110","3,441,640","9,505,343","9,038,792","-500,000"
NormalizedEBITDA,"4,393,000,000","4,925,000,000","4,650,000,000","4,469,000,000","4,013,000,000","3,421,000,000","3,325,000,000","3,374,000,000","2,717,000,000","2,548,000,000","2,469,000,000","2,130,000,000","2,026,000,000","2,208,000,000","1,954,000,000","1,619,000,000","1,624,000,000","1,302,000,000","929,000,000","667,000,000","487,000,000","320,251,929","244,784,393","213,724,430","157,618,905","68,846,065","48,455,226"
TaxRateForCalcs,"0.272","0.271","0.277","0.265","0.271","0.245","0.267","0.209","0.28","0.28","0.286","0.276","0.263","0.288","0.267","0.213","0.132","0.129","0.09","0.111","0.147","0.158","0.177","0.145","0.103","0.118","0.22"
TaxEffectOfUnusualItems,"11,438,095.238","11,382,000","9,418,000","15,877,106.046","13,528,921.023","25,681,744.75","-9,358,974.359","12,124,085.269","15,984,532.616","11,760,000","10,010,000","20,700,000","23,670,000","0","3,738,000","8,532,055.123","-11,179,661.017","773,755.656","3,679,487.179","3,444,444.444","5,132,382.892","4,420,259.359","3,189,004.543","499,878.079","974,445.215","1,064,998.321","-109,865.471"