name,ttm,08/31/2023,08/31/2022,08/31/2021,08/31/2020,08/31/2019,08/31/2018,08/31/2017,08/31/2016,08/31/2015,08/31/2014,08/31/2013,08/31/2012,08/31/2011,08/31/2010,08/31/2009,08/31/2008,08/31/2007,08/31/2006,08/31/2005,08/31/2004,08/31/2003,08/31/2002,08/31/2001,08/31/2000,08/31/1999,08/31/1998,08/31/1997,08/31/1996,08/31/1995,08/31/1994,08/31/1993,08/31/1992,08/31/1991,08/31/1990
TotalRevenue,"17,975,506,000","17,457,209,000","16,252,230,000","14,629,585,000","12,631,967,000","11,863,743,000","11,221,077,000","10,888,676,000","10,635,676,000","10,187,340,000","9,475,313,000","9,147,530,000","8,603,863,000","8,072,973,000","7,362,618,000","6,816,824,000","6,522,706,000","6,169,804,000","5,948,355,000","5,710,882,000","5,637,025,000","5,457,123,000","5,325,510,000","4,818,185,000","4,482,696,000","4,116,400,000","3,242,900,000","2,691,400,000","2,242,600,000","1,808,100,000","1,508,000,000","1,216,800,000","1,002,300,000","818,000,000","671,700,000"
	OperatingRevenue,"17,975,506,000","17,457,209,000","16,252,230,000","14,629,585,000","12,631,967,000","11,863,743,000","11,221,077,000","10,888,676,000","10,635,676,000","10,187,340,000","9,475,313,000","9,147,530,000","8,603,863,000","8,072,973,000","7,362,618,000","6,816,824,000","6,522,706,000","6,169,804,000","5,948,355,000","5,710,882,000","5,637,025,000","5,457,123,000","5,325,510,000","4,818,185,000","4,482,696,000","4,116,400,000","3,242,900,000","2,691,400,000","2,242,600,000","1,808,100,000","1,508,000,000","1,216,800,000","1,002,300,000","818,000,000","671,700,000"
CostOfRevenue,"8,416,645,000","8,386,787,000","7,779,580,000","6,911,800,000","5,861,214,000","5,498,742,000","5,247,331,000","5,149,056,000","5,026,940,000","4,860,309,000","4,540,406,000","4,406,595,000","4,171,827,000","3,953,510,000","3,650,874,000","3,400,375,000","3,254,645,000","3,105,554,000","3,009,835,000","2,918,334,000","2,880,446,000","2,942,114,000","2,950,123,000","2,804,896,000","2,602,386,000","2,256,400,000","1,793,100,000","1,481,500,000","1,244,100,000","1,008,700,000","853,000,000","710,600,000","589,300,000","481,800,000","408,500,000"
GrossProfit,"9,558,861,000","9,070,422,000","8,472,650,000","7,717,785,000","6,770,753,000","6,365,001,000","5,973,746,000","5,739,620,000","5,608,736,000","5,327,031,000","4,934,907,000","4,740,935,000","4,432,036,000","4,119,463,000","3,711,744,000","3,416,449,000","3,268,061,000","3,064,250,000","2,938,520,000","2,792,548,000","2,756,579,000","2,515,009,000","2,375,387,000","2,013,289,000","1,880,310,000","1,860,000,000","1,449,800,000","1,209,900,000","998,500,000","799,400,000","655,000,000","506,200,000","413,000,000","336,200,000","263,200,000"
OperatingExpense,"5,844,338,000","5,596,436,000","5,201,921,000","4,773,258,000","4,353,074,000","4,148,864,000","4,162,890,000","3,659,551,000","3,548,341,000","3,373,980,000","3,104,684,000","2,967,837,000","2,803,145,000","2,624,660,000","2,392,330,000","2,240,387,000","2,143,927,000","2,008,984,000","1,928,595,000","1,816,884,000","1,757,873,000","1,597,212,000","1,604,379,000","1,498,909,000","1,368,290,000","1,426,800,000","1,067,400,000","888,600,000","729,600,000","571,700,000","464,300,000","365,400,000","309,400,000","256,900,000","213,900,000"
	SellingGeneralAndAdministration,,,"5,201,921,000","4,773,258,000","4,353,074,000","4,148,864,000","4,162,890,000","3,659,551,000","3,548,341,000","3,373,980,000","3,104,684,000","2,967,837,000","2,803,145,000","2,624,660,000","2,392,330,000","2,240,387,000","2,143,927,000","2,008,984,000","1,928,595,000","1,816,884,000","1,757,873,000","1,597,212,000","1,604,379,000","1,498,909,000","1,368,290,000","1,298,300,000","970,800,000","810,800,000","666,100,000","523,400,000","431,200,000","344,100,000","295,700,000","247,400,000","205,600,000"
	DepreciationAmortizationDepletionIncomeStatement,,,,,,,,,,,,,,,,,,,,,,,,,"126,800,000","128,500,000","96,600,000","77,800,000","63,500,000","48,300,000","33,100,000","21,300,000","13,700,000","9,500,000","8,300,000"
		DepreciationAndAmortizationInIncomeStatement,,,,,,,,,,,,,,,,,,,,,,,,,"126,800,000","128,500,000","96,600,000","77,800,000","63,500,000","48,300,000","33,100,000","21,300,000","13,700,000","9,500,000","8,300,000"
	OtherOperatingExpenses,"5,844,338,000","5,596,436,000","5,201,921,000","4,773,258,000","4,353,074,000","4,148,864,000","4,162,890,000","3,659,551,000","3,548,341,000","3,373,980,000","3,104,684,000","2,967,837,000","2,803,145,000","2,624,660,000","2,392,330,000","2,240,387,000","2,143,927,000",,,,,,,,,,,,,,,,,,
OperatingIncome,"3,714,523,000","3,473,986,000","3,270,729,000","2,944,527,000","2,417,679,000","2,216,137,000","1,810,856,000","2,080,069,000","2,060,395,000","1,953,051,000","1,830,223,000","1,773,098,000","1,628,891,000","1,494,803,000","1,319,414,000","1,176,062,000","1,124,134,000","1,055,266,000","1,009,925,000","975,664,000","998,706,000","917,797,000","771,008,000","514,380,000","512,020,000","433,200,000","382,400,000","321,300,000","268,900,000","227,700,000","190,700,000","140,800,000","103,600,000","79,300,000","49,300,000"
NetNonOperatingInterestIncomeExpense,"-407,153,000","-306,372,000","-191,638,000","-195,337,000","-201,165,000","-184,804,000","-174,527,000","-154,580,000","-147,681,000","-150,439,000","-167,509,000","-185,415,000","-175,905,000","-170,557,000","-158,909,000","-142,316,000","-116,745,000",,,,,,,,,,,,,,,,,,
	InterestIncomeNonOperating,,"12,054,000","6,048,000","5,417,000","5,689,000","7,396,000","5,636,000","3,502,000","2,371,000","1,605,000","1,850,000","1,606,000","1,397,000","2,058,000","2,626,000","3,887,000","3,785,000",,,,,,,,,,,,,,,,,,
	InterestExpenseNonOperating,"419,207,000","318,426,000","197,686,000","200,754,000","206,854,000","192,200,000","180,163,000","158,082,000","150,052,000","152,044,000","169,359,000","187,021,000","177,302,000","172,615,000","161,535,000","146,203,000","120,530,000",,,,,,,,,,,,,,,,,,
OtherIncomeExpense,,,,,,,,,,,,,,,,,,,,,,,,"-126,689,000",,,,,"-1,900,000","600,000","2,200,000","2,500,000","800,000",,
	SpecialIncomeCharges,,,,,,,,,,,,,,,,,,,,,,,,"-126,689,000",,,,,"-1,900,000","600,000","2,200,000","2,500,000","800,000",,
		RestructuringAndMergernAcquisition,,,,,,,,,,,,,,,,,,,,,,,,"126,689,000",,,,,,,,,,,
PretaxIncome,"3,307,370,000","3,167,614,000","3,079,091,000","2,749,190,000","2,216,514,000","2,031,333,000","1,636,329,000","1,925,489,000","1,912,714,000","1,802,612,000","1,662,714,000","1,587,683,000","1,452,986,000","1,324,246,000","1,160,505,000","1,033,746,000","1,007,389,000","936,150,000","902,036,000","873,224,000","905,902,000","833,007,000","691,148,000","287,026,000","435,190,000","387,800,000","364,100,000","312,500,000","267,000,000","228,300,000","193,000,000","143,200,000","104,500,000","72,100,000","38,300,000"
TaxProvision,"682,310,000","639,188,000","649,487,000","578,876,000","483,542,000","414,112,000","298,793,000","644,620,000","671,707,000","642,371,000","592,970,000","571,203,000","522,613,000","475,272,000","422,194,000","376,697,000","365,783,000","340,478,000","332,761,000","302,202,000","339,700,000","315,403,000","263,000,000","111,500,000","167,600,000","143,000,000","136,200,000","117,500,000","99,800,000","89,500,000","76,600,000","56,300,000","41,200,000","28,100,000","15,000,000"
NetIncomeCommonStockholders,"2,625,060,000","2,528,426,000","2,429,604,000","2,170,314,000","1,732,972,000","1,617,221,000","1,337,536,000","1,280,869,000","1,241,007,000","1,160,241,000","1,069,744,000","1,016,480,000","930,373,000","848,974,000","738,311,000","657,049,000","641,606,000","595,672,000","569,275,000","571,019,000","566,202,000","517,604,000","428,148,000","175,526,000","267,590,000","244,800,000","227,900,000","195,000,000","167,200,000","138,800,000","116,400,000","86,900,000","63,300,000","44,000,000","23,300,000"
	NetIncome,"2,625,060,000","2,528,426,000","2,429,604,000","2,170,314,000","1,732,972,000","1,617,221,000","1,337,536,000","1,280,869,000","1,241,007,000","1,160,241,000","1,069,744,000","1,016,480,000","930,373,000","848,974,000","738,311,000","657,049,000","641,606,000","595,672,000","569,275,000","571,019,000","566,202,000","517,604,000","428,148,000","175,526,000","267,590,000","244,800,000","227,900,000","195,000,000","167,200,000","138,800,000","116,400,000","86,900,000","63,300,000","44,000,000","23,300,000"
		NetIncomeIncludingNoncontrollingInterests,"2,625,060,000","2,528,426,000","2,429,604,000","2,170,314,000","1,732,972,000","1,617,221,000","1,337,536,000","1,280,869,000","1,241,007,000","1,160,241,000","1,069,744,000","1,016,480,000","930,373,000","848,974,000","738,311,000","657,049,000","641,606,000","595,672,000","569,275,000","571,019,000","566,202,000","517,604,000","428,148,000","175,526,000","267,590,000","244,800,000","227,900,000","195,000,000","167,200,000","138,800,000","116,400,000","86,900,000","63,300,000","44,000,000","23,300,000"
			NetIncomeContinuousOperations,"2,625,060,000","2,528,426,000","2,429,604,000","2,170,314,000","1,732,972,000","1,617,221,000","1,337,536,000","1,280,869,000","1,241,007,000","1,160,241,000","1,069,744,000","1,016,480,000","930,373,000","848,974,000","738,311,000","657,049,000","641,606,000","595,672,000","569,275,000","571,019,000","566,202,000","517,604,000","428,148,000","175,526,000","267,590,000","244,800,000","227,900,000","195,000,000","167,200,000","138,800,000","116,400,000","86,900,000","63,300,000","44,000,000","23,300,000"
DilutedNIAvailtoComStockholders,"2,625,060,000","2,528,426,000","2,429,604,000","2,170,314,000","1,732,972,000","1,617,221,000","1,337,536,000","1,280,869,000","1,241,007,000","1,160,241,000","1,069,744,000","1,016,480,000","930,373,000","848,974,000","738,311,000","657,049,000","641,606,000","595,672,000","569,275,000","571,019,000","566,202,000","517,604,000","428,148,000","175,526,000","267,590,000","244,800,000","227,900,000","195,000,000","167,200,000","138,800,000","116,400,000","86,900,000","63,300,000","44,000,000","23,300,000"
BasicEPS,"148.6","136.6","120.83","97.6","73.62","64.78","49.59","45.05","41.52","36.76","32.16","28.28","24.04","19.91","15.23","11.89","10.14","8.62","7.57","7.27","7.111","5.835","4.1","1.56","2.202","1.64","1.5","1.29","1.13","0.93","0.78","0.59","0.43","0.33","0.19"
DilutedEPS,"144.37","132.36","117.19","95.19","71.93","63.43","48.77","44.07","40.7","36.03","31.57","27.79","23.48","19.47","14.97","11.73","10.04","8.53","7.5","7.18","6.56","5.34","4","1.54","2","1.63","1.48","1.28","1.11","0.93","0.78","0.59","0.43","0.33","0.19"
BasicAverageShares,"17,560,500","18,510,000","20,107,000","22,237,000","23,540,000","24,966,000","26,970,000","28,430,000","29,889,000","31,560,000","33,267,000","35,943,000","38,696,000","42,632,000","48,488,000","55,282,000","63,295,000","69,101,000","75,237,000","78,530,000","86,432,000","97,307,000","104,446,000","112,834,000","137,855,000","149,268,293","151,933,333","151,162,791","147,964,602","149,247,312","149,230,769","147,288,136","147,209,302","133,333,333","122,631,579"
DilutedAverageShares,"18,067,250","19,103,000","20,733,000","22,799,000","24,093,000","25,498,000","27,424,000","29,065,000","30,488,000","32,206,000","33,882,000","36,581,000","39,625,000","43,603,000","49,304,000","55,992,000","63,875,000","69,844,000","75,859,000","79,508,000","86,432,000","97,307,000","107,111,000","113,801,000","137,855,000","150,184,049","153,986,486","152,343,750","150,630,631","149,247,312","149,230,769","147,288,136","147,209,302","133,333,333","122,631,579"
TotalOperatingIncomeAsReported,"3,714,523,000","3,473,986,000","3,270,729,000","2,944,527,000","2,417,679,000","2,216,137,000","1,810,856,000","2,080,069,000","2,060,395,000","1,953,051,000","1,830,223,000","1,773,098,000","1,628,891,000","1,494,803,000","1,319,414,000","1,176,062,000","1,124,134,000","1,055,266,000","1,009,925,000","975,664,000","998,706,000","917,797,000","771,008,000","387,691,000","512,020,000","433,200,000","382,400,000","321,300,000","268,900,000","227,700,000","190,700,000","140,800,000","103,600,000","79,300,000","49,300,000"
TotalExpenses,"14,260,983,000","13,983,223,000","12,981,501,000","11,685,058,000","10,214,288,000","9,647,606,000","9,410,221,000","8,808,607,000","8,575,281,000","8,234,289,000","7,645,090,000","7,374,432,000","6,974,972,000","6,578,170,000","6,043,204,000","5,640,762,000","5,398,572,000","5,114,538,000","4,938,430,000","4,735,218,000","4,638,319,000","4,539,326,000","4,554,502,000","4,303,805,000","3,970,676,000","3,683,200,000","2,860,500,000","2,370,100,000","1,973,700,000","1,580,400,000","1,317,300,000","1,076,000,000","898,700,000","738,700,000","622,400,000"
NetIncomeFromContinuingAndDiscontinuedOperation,"2,625,060,000","2,528,426,000","2,429,604,000","2,170,314,000","1,732,972,000","1,617,221,000","1,337,536,000","1,280,869,000","1,241,007,000","1,160,241,000","1,069,744,000","1,016,480,000","930,373,000","848,974,000","738,311,000","657,049,000","641,606,000","595,672,000","569,275,000","571,019,000","566,202,000","517,604,000","428,148,000","175,526,000","267,590,000","244,800,000","227,900,000","195,000,000","167,200,000","138,800,000","116,400,000","86,900,000","63,300,000","44,000,000","23,300,000"
NormalizedIncome,"2,625,060,000","2,528,426,000","2,429,604,000","2,170,314,000","1,732,972,000","1,617,221,000","1,337,536,000","1,280,869,000","1,241,007,000","1,160,241,000","1,069,744,000","1,016,480,000","930,373,000","848,974,000","738,311,000","657,049,000","641,606,000","595,672,000","569,275,000","571,019,000","566,202,000","517,604,000","428,148,000","253,000,561.238","267,590,000","244,800,000","227,900,000","195,000,000","167,200,000","138,435,216.82","115,073,160.622","85,382,891.061","62,815,406.699","44,000,000","23,300,000"
InterestIncome,,"12,054,000","6,048,000","5,417,000","5,689,000","7,396,000","5,636,000","3,502,000","2,371,000","1,605,000","1,850,000","1,606,000","1,397,000","2,058,000","2,626,000","3,887,000","3,785,000",,,,,,,,,,,,,,,,,,
InterestExpense,"419,207,000","318,426,000","197,686,000","200,754,000","206,854,000","192,200,000","180,163,000","158,082,000","150,052,000","152,044,000","169,359,000","187,021,000","177,302,000","172,615,000","161,535,000","146,203,000","120,530,000",,,,,,,,,,,,,,,,,,
NetInterestIncome,"-407,153,000","-306,372,000","-191,638,000","-195,337,000","-201,165,000","-184,804,000","-174,527,000","-154,580,000","-147,681,000","-150,439,000","-167,509,000","-185,415,000","-175,905,000","-170,557,000","-158,909,000","-142,316,000","-116,745,000",,,,,,,,,,,,,,,,,,
EBIT,"3,726,577,000","3,486,040,000","3,276,777,000","2,949,944,000","2,423,368,000","2,223,533,000","1,816,492,000","2,083,571,000","2,062,766,000","1,954,656,000","1,832,073,000","1,774,704,000","1,630,288,000","1,496,861,000","1,322,040,000","1,179,949,000","1,127,919,000","1,055,266,000","1,009,925,000","975,664,000","998,706,000","917,797,000","771,008,000","514,380,000","512,020,000","433,200,000","382,400,000","321,300,000","268,900,000","227,700,000","190,700,000","140,800,000","103,600,000","79,300,000","49,300,000"
EBITDA,"4,259,483,000","3,983,617,000","3,719,000,000","3,357,627,000","2,820,834,000","2,593,490,000","2,161,576,000","2,406,622,000","2,360,163,000","2,224,575,000","2,083,340,000","2,001,955,000","1,842,119,000","1,693,070,000","1,514,124,000","1,360,382,000","1,297,428,000","1,216,396,000","1,150,949,000","1,113,604,000","1,109,827,000","1,027,545,000","889,263,000","645,713,000","638,820,000","561,700,000","479,000,000","399,100,000","332,400,000","276,000,000","223,800,000","162,100,000","117,300,000","88,800,000","57,600,000"
ReconciledCostOfRevenue,"8,416,645,000","8,386,787,000","7,779,580,000","6,911,800,000","5,861,214,000","5,498,742,000","5,247,331,000","5,149,056,000","5,026,940,000","4,860,309,000","4,540,406,000","4,406,595,000","4,171,827,000","3,953,510,000","3,650,874,000","3,400,375,000","3,254,645,000","3,105,554,000","3,009,835,000","2,918,334,000","2,880,446,000","2,942,114,000","2,950,123,000","2,804,896,000","2,602,386,000","2,256,400,000","1,793,100,000","1,481,500,000","1,244,100,000","1,008,700,000","853,000,000","710,600,000","589,300,000","481,800,000","408,500,000"
ReconciledDepreciation,"532,906,000","497,577,000","442,223,000","407,683,000","397,466,000","369,957,000","345,084,000","323,051,000","297,397,000","269,919,000","251,267,000","227,251,000","211,831,000","196,209,000","192,084,000","180,433,000","169,509,000","161,130,000","141,024,000","137,940,000","111,121,000","109,748,000","118,255,000","131,333,000","126,800,000","128,500,000","96,600,000","77,800,000","63,500,000","48,300,000","33,100,000","21,300,000","13,700,000","9,500,000","8,300,000"
NetIncomeFromContinuingOperationNetMinorityInterest,"2,625,060,000","2,528,426,000","2,429,604,000","2,170,314,000","1,732,972,000","1,617,221,000","1,337,536,000","1,280,869,000","1,241,007,000","1,160,241,000","1,069,744,000","1,016,480,000","930,373,000","848,974,000","738,311,000","657,049,000","641,606,000","595,672,000","569,275,000","571,019,000","566,202,000","517,604,000","428,148,000","175,526,000","267,590,000","244,800,000","227,900,000","195,000,000","167,200,000","138,800,000","116,400,000","86,900,000","63,300,000","44,000,000","23,300,000"
TotalUnusualItemsExcludingGoodwill,,,,,,,,,,,,,,,,,,,,,,,,"-126,689,000",,,,,"-1,900,000","600,000","2,200,000","2,500,000","800,000",,
TotalUnusualItems,,,,,,,,,,,,,,,,,,,,,,,,"-126,689,000",,,,,"-1,900,000","600,000","2,200,000","2,500,000","800,000",,
NormalizedEBITDA,"4,259,483,000","3,983,617,000","3,719,000,000","3,357,627,000","2,820,834,000","2,593,490,000","2,161,576,000","2,406,622,000","2,360,163,000","2,224,575,000","2,083,340,000","2,001,955,000","1,842,119,000","1,693,070,000","1,514,124,000","1,360,382,000","1,297,428,000","1,216,396,000","1,150,949,000","1,113,604,000","1,109,827,000","1,027,545,000","889,263,000","772,402,000","638,820,000","561,700,000","479,000,000","399,100,000","332,400,000","275,400,000","221,600,000","159,600,000","116,500,000","88,800,000","57,600,000"
TaxRateForCalcs,"0.206","0.202","0.211","0.211","0.218","0.204","0.183","0.335","0.351","0.356","0.357","0.36","0.36","0.359","0.364","0.364","0.363","0.364","0.369","0.346","0.375","0.379","0.381","0.388","0.385","0.369","0.374","0.376","0.374","0.392","0.397","0.393","0.394","0.39","0.392"
TaxEffectOfUnusualItems,"0","0","0","0","0","0","0","0","0","0","0","0","0","0","0","0","0","0","0","0","0","0","0","-49,214,438.762","0","0","0","0","0","235,216.82","873,160.622","982,891.061","315,406.699","0","0"