name,ttm,12/31/2023,12/31/2022,12/31/2021,12/31/2020,12/31/2019,12/31/2018,12/31/2017,12/31/2016,12/31/2015,12/31/2014,12/31/2013,12/31/2012,12/31/2011,12/31/2010,12/31/2009,12/31/2008,12/31/2007,12/31/2006,12/31/2005,12/31/2004,12/31/2003,12/31/2002,12/31/2001,12/31/2000,12/31/1999,12/31/1998,12/31/1997,12/31/1996,12/31/1995,12/31/1994,12/31/1993,12/31/1992,12/31/1991,12/31/1990,12/31/1989,12/31/1988,12/31/1987,12/31/1986,12/31/1985
TotalRevenue,"180,348,000,000","176,191,000,000","158,057,000,000","136,341,000,000","127,144,000,000","155,900,000,000","160,338,000,000","156,776,000,000","151,800,000,000","149,558,000,000","144,077,000,000","146,917,000,000","133,559,000,000","135,605,000,000","128,954,000,000","116,283,000,000","145,114,000,000","172,455,000,000","160,065,000,000","176,835,000,000","172,316,000,000","164,338,000,000","162,258,000,000","160,504,000,000","170,058,000,000","160,658,000,000","143,350,000,000","153,627,000,000","146,991,000,000","137,137,000,000","128,439,000,000","108,521,000,000","100,132,000,000","88,286,300,000","97,650,000,000","96,145,900,000","92,445,600,000","71,643,400,000","62,715,800,000","52,774,400,000"
	OperatingRevenue,"180,348,000,000","176,191,000,000","158,057,000,000","136,341,000,000","127,144,000,000","155,900,000,000","160,338,000,000","156,776,000,000","151,800,000,000","149,558,000,000","144,077,000,000","146,917,000,000","133,559,000,000","135,605,000,000","128,954,000,000","116,283,000,000","145,114,000,000","172,455,000,000","160,065,000,000","176,835,000,000","172,316,000,000","164,338,000,000","162,258,000,000","160,504,000,000","170,058,000,000","160,658,000,000","143,350,000,000","153,627,000,000","146,991,000,000","137,137,000,000","128,439,000,000","108,521,000,000","100,132,000,000","88,286,300,000","97,650,000,000","96,145,900,000","92,445,600,000","71,643,400,000","62,715,800,000","52,774,400,000"
CostOfRevenue,"165,856,000,000","160,031,000,000","140,893,000,000","119,903,000,000","121,359,000,000","144,165,000,000","145,732,000,000","140,368,000,000","135,042,000,000","131,814,000,000","131,903,000,000","123,050,000,000","116,154,000,000","117,225,000,000","108,796,000,000","98,866,000,000","127,102,000,000","142,587,000,000","148,866,000,000","144,920,000,000","135,755,000,000","129,685,000,000","125,027,000,000","128,348,000,000","131,085,000,000","126,664,000,000","112,652,000,000","117,706,000,000","118,586,000,000","110,595,000,000","102,910,000,000","91,762,000,000","88,804,000,000","70,371,300,000","78,004,100,000","72,615,700,000","68,233,300,000","58,495,100,000","51,866,200,000","44,435,400,000"
GrossProfit,"14,492,000,000","16,160,000,000","17,164,000,000","16,438,000,000","5,785,000,000","11,735,000,000","14,606,000,000","16,408,000,000","16,758,000,000","17,744,000,000","12,174,000,000","23,867,000,000","17,405,000,000","18,380,000,000","20,158,000,000","17,417,000,000","18,012,000,000","29,868,000,000","11,199,000,000","31,915,000,000","36,561,000,000","34,653,000,000","37,231,000,000","32,156,000,000","38,973,000,000","33,994,000,000","30,698,000,000","35,921,000,000","28,405,000,000","26,542,000,000","25,529,000,000","16,759,000,000","11,328,000,000","17,915,000,000","19,645,900,000","23,530,200,000","24,212,300,000","13,148,300,000","10,849,600,000","8,339,000,000"
OperatingExpense,"10,500,000,000","10,702,000,000","10,888,000,000","11,915,000,000","10,193,000,000","11,161,000,000","11,403,000,000","11,527,000,000","10,972,000,000","10,763,000,000","11,842,000,000","11,058,000,000","11,606,000,000","10,848,000,000","11,693,000,000","13,029,000,000","21,430,000,000","21,169,000,000","19,148,000,000","24,588,000,000","24,012,000,000","26,642,000,000","28,249,000,000","28,668,000,000","21,255,000,000","18,128,000,000","16,423,000,000","15,640,000,000","13,500,000,000","12,544,000,000","10,334,000,000","7,920,000,000","6,523,000,000","11,930,900,000","9,105,800,000","9,550,100,000","10,764,800,000","6,947,100,000","6,793,100,000","5,609,300,000"
	SellingGeneralAndAdministration,"10,500,000,000","10,702,000,000","10,888,000,000","11,915,000,000","10,193,000,000","11,161,000,000","11,403,000,000","11,527,000,000","10,972,000,000","10,763,000,000","11,842,000,000","10,850,000,000","11,529,000,000","10,884,000,000","11,909,000,000","13,029,000,000","21,430,000,000","21,169,000,000","19,148,000,000","24,588,000,000","24,012,000,000","26,642,000,000","28,249,000,000","18,572,000,000","11,847,000,000","8,874,000,000","7,834,000,000","7,995,000,000","6,625,000,000","6,044,000,000","5,424,000,000","4,856,000,000","4,434,000,000","6,152,600,000","5,920,900,000","5,321,400,000","8,307,200,000","3,779,700,000","3,833,500,000","3,216,500,000"
		GeneralAndAdministrativeExpense,,,,,,,,"11,527,000,000",,"10,763,000,000",,,,,,,,,,,,,,,,,,,,,,,,,,,,,,
			OtherGandA,,,,,,,,"11,527,000,000",,"10,763,000,000",,,,,,,,,,,,,,,,,,,,,,,,,,,,,,
	DepreciationAmortizationDepletionIncomeStatement,,,,,,,,,,,,,,,,,,,,,,"8,779,000,000",,"10,096,000,000","9,408,000,000","9,254,000,000","8,589,000,000","7,645,000,000","6,875,000,000","6,500,000,000","4,910,000,000","3,064,000,000","2,089,000,000","5,778,300,000","3,184,900,000","4,228,700,000","2,457,600,000","3,167,400,000","2,959,600,000","2,392,800,000"
		DepreciationAndAmortizationInIncomeStatement,,,,,,,,,,,,,,,,,,,,,,"8,779,000,000",,"10,096,000,000","9,408,000,000","9,254,000,000","8,589,000,000","7,645,000,000","6,875,000,000","6,500,000,000","4,910,000,000","3,064,000,000","2,089,000,000","5,778,300,000","3,184,900,000","4,228,700,000","2,457,600,000","3,167,400,000","2,959,600,000","2,392,800,000"
			DepreciationIncomeStatement,,,,,,,,,,,,,,,,,,,,,,,,,"9,408,000,000","9,254,000,000","8,589,000,000","7,645,000,000","6,875,000,000","6,500,000,000","4,910,000,000","3,064,000,000","2,089,000,000",,,,,,,
	OtherOperatingExpenses,,,,,"8,607,000,000","9,472,000,000","9,463,000,000","9,047,000,000","8,847,000,000","417,000,000","305,000,000","208,000,000","77,000,000","-36,000,000","-216,000,000",,,,,,,,,"10,922,000,000",,,,,,,,,,,,,,,,
OperatingIncome,"3,992,000,000","5,458,000,000","6,276,000,000","4,523,000,000","-4,408,000,000","574,000,000","3,203,000,000","4,881,000,000","5,786,000,000","6,981,000,000","332,000,000","12,809,000,000","5,799,000,000","7,532,000,000","8,465,000,000","4,388,000,000","-3,418,000,000","8,699,000,000","-7,949,000,000","7,327,000,000","12,549,000,000","8,011,000,000","8,982,000,000","3,488,000,000","17,718,000,000","15,866,000,000","14,275,000,000","20,281,000,000","14,905,000,000","13,998,000,000","15,195,000,000","8,839,000,000","4,805,000,000","5,984,100,000","10,540,100,000","13,980,100,000","13,447,500,000","6,201,200,000","4,056,500,000","2,729,700,000"
NetNonOperatingInterestIncomeExpense,"353,000,000","249,000,000","-643,000,000","-1,542,000,000","-1,199,000,000","-240,000,000","-528,000,000","-729,000,000","-657,000,000","-461,000,000","-457,000,000","-616,000,000","-371,000,000","-346,000,000","-1,459,000,000","-6,478,000,000","-9,382,000,000","-9,766,000,000","-7,305,000,000","-7,170,000,000",,,,,"105,000,000","71,000,000","530,000,000","328,000,000","146,000,000","178,000,000","-56,000,000","-244,000,000","-207,000,000",,,,,,,
	InterestIncomeNonOperating,"1,624,000,000","1,567,000,000","639,000,000","261,000,000","452,000,000","809,000,000","700,000,000","461,000,000","294,000,000","312,000,000","353,000,000","213,000,000","342,000,000","471,000,000","348,000,000","312,000,000","1,149,000,000","1,161,000,000","1,478,000,000","1,247,000,000",,,,,"1,488,000,000","1,418,000,000","1,325,000,000","1,116,000,000","841,000,000","800,000,000","665,000,000","563,000,000","653,000,000",,,,,,,
	InterestExpenseNonOperating,"1,271,000,000","1,318,000,000","1,282,000,000","1,803,000,000","1,651,000,000","1,049,000,000","1,228,000,000","1,190,000,000","951,000,000","773,000,000","810,000,000","829,000,000","713,000,000","817,000,000","1,807,000,000","6,790,000,000","10,531,000,000","10,927,000,000","8,783,000,000","8,417,000,000",,,,,"1,383,000,000","1,347,000,000","795,000,000","788,000,000","695,000,000","622,000,000","721,000,000","807,000,000","860,000,000",,,,,,,
OtherIncomeExpense,"-775,000,000","-1,740,000,000","-8,649,000,000","14,799,000,000","4,491,000,000","-974,000,000","1,670,000,000","4,007,000,000","1,655,000,000","3,732,000,000","1,359,000,000","2,178,000,000","2,210,000,000","1,495,000,000","143,000,000","4,689,000,000","-1,698,000,000","-2,679,000,000","180,000,000","897,000,000","-957,000,000","74,000,000","-91,000,000","-856,000,000","-70,000,000","-6,083,000,000","9,475,000,000","-9,670,000,000","-8,258,000,000","-7,471,000,000","-6,350,000,000","-4,592,000,000","-4,725,000,000","648,100,000","527,800,000","648,000,000","1,033,000,000","1,619,400,000","1,495,700,000","1,347,200,000"
	GainOnSaleOfSecurity,"-50,000,000","-205,000,000","-7,518,000,000","9,159,000,000","325,000,000","144,000,000","115,000,000","-23,000,000","2,000,000","46,000,000","-9,000,000","190,000,000","85,000,000","-62,000,000","161,000,000","399,000,000",,,,"1,095,000,000",,,,,,,,,,,,,,,,,,,,
	EarningsFromEquityInterest,"788,000,000","423,000,000","-3,030,000,000","695,000,000","3,488,000,000","52,000,000","165,000,000","1,215,000,000","1,919,000,000","1,860,000,000","477,000,000","956,000,000","1,182,000,000","987,000,000","538,000,000","195,000,000","176,000,000","389,000,000","421,000,000","285,000,000","255,000,000","74,000,000","-91,000,000","-856,000,000","-70,000,000","35,000,000","15,891,000,000","-88,000,000","-6,000,000","-154,000,000","271,000,000","127,000,000","15,000,000",,,,,,,
	SpecialIncomeCharges,,"0","-121,000,000","-1,702,000,000","-1,000,000","-55,000,000","0","0","156,000,000","134,000,000","-7,000,000","101,000,000","105,000,000","-28,000,000","-885,000,000","4,095,000,000","-1,874,000,000","-3,068,000,000","-241,000,000","-483,000,000","-1,212,000,000",,,,"-70,000,000","-6,118,000,000","-6,416,000,000","-9,582,000,000","-8,252,000,000","-7,317,000,000","-6,621,000,000","-4,719,000,000","-4,740,000,000","648,100,000","527,800,000","648,000,000","1,033,000,000","1,619,400,000","1,495,700,000","1,347,200,000"
		ImpairmentOfCapitalAssets,,,,,,,,,,,,,,,,"0","0","2,400,000,000","0","0",,,,,,,,,,,,,,,,,,,,
		WriteOff,,,,,,,,,,,,,,,,,,,,,,,,,,,"0","0","121,000,000","0","475,000,000",,,,,,,,,
		OtherSpecialCharges,,,"121,000,000","1,702,000,000","1,000,000","55,000,000",,,"-156,000,000","-134,000,000","7,000,000","-101,000,000","-105,000,000","28,000,000","885,000,000","1,030,000,000","1,874,000,000","668,000,000","241,000,000","483,000,000",,,,,,"6,118,000,000","6,416,000,000","9,582,000,000","8,131,000,000","7,317,000,000","6,146,000,000","4,719,000,000","4,740,000,000",,,,,,,
	OtherNonOperatingIncomeExpenses,"-1,513,000,000","-1,958,000,000","2,020,000,000","6,647,000,000","679,000,000","-1,115,000,000","1,390,000,000","2,815,000,000","-422,000,000","1,692,000,000","898,000,000","931,000,000","838,000,000","598,000,000","329,000,000",,,,,,,,,,,,,,,,,,,,,,,,,
PretaxIncome,"3,570,000,000","3,967,000,000","-3,016,000,000","17,780,000,000","-1,116,000,000","-640,000,000","4,345,000,000","8,159,000,000","6,784,000,000","10,252,000,000","1,234,000,000","14,371,000,000","7,638,000,000","8,681,000,000","7,149,000,000","2,599,000,000","-14,498,000,000","-3,746,000,000","-15,074,000,000","1,054,000,000","4,109,000,000","1,339,000,000","1,064,000,000","-7,419,000,000","8,115,000,000","9,854,000,000","24,280,000,000","10,939,000,000","6,793,000,000","6,705,000,000","8,789,000,000","4,003,000,000","-127,000,000","-2,653,400,000","1,390,500,000","5,947,400,000","8,298,900,000","7,351,200,000","5,059,300,000","3,618,500,000"
TaxProvision,"-247,000,000","-362,000,000","-864,000,000","-130,000,000","160,000,000","-724,000,000","650,000,000","402,000,000","2,184,000,000","2,881,000,000","4,000,000","2,425,000,000","2,026,000,000","-11,541,000,000","592,000,000","-113,000,000","63,000,000","-1,294,000,000","-2,655,000,000","-855,000,000","643,000,000","123,000,000","342,000,000","-2,096,000,000","2,705,000,000","3,248,000,000","2,760,000,000","3,741,000,000","2,166,000,000","2,379,000,000","3,329,000,000","1,350,000,000","295,000,000","-395,400,000","530,400,000","2,112,400,000","2,998,700,000","2,726,000,000","1,774,200,000","1,103,100,000"
NetIncomeCommonStockholders,"3,836,000,000","4,347,000,000","-1,981,000,000","17,937,000,000","-1,279,000,000","47,000,000","3,677,000,000","7,731,000,000","4,589,000,000","7,373,000,000","1,231,000,000","11,953,000,000","5,613,000,000","20,213,000,000","6,561,000,000","2,712,000,000","-14,766,000,000","-2,723,000,000","-12,613,000,000","1,440,000,000","2,886,000,000","495,000,000","-995,000,000","-5,468,000,000","3,452,000,000","7,222,000,000","21,964,000,000","6,920,000,000","4,381,000,000","3,839,000,000","5,021,000,000","2,241,000,000","-7,594,000,000","-2,280,000,000","860,100,000","3,835,000,000","5,300,200,000","4,625,200,000","3,285,100,000","2,515,400,000"
	NetIncome,"3,836,000,000","4,347,000,000","-1,981,000,000","17,937,000,000","-1,279,000,000","47,000,000","3,677,000,000","7,731,000,000","4,589,000,000","7,373,000,000","1,231,000,000","11,953,000,000","5,613,000,000","20,213,000,000","6,561,000,000","2,717,000,000","-14,766,000,000","-2,723,000,000","-12,613,000,000","1,440,000,000","3,038,000,000","495,000,000","-980,000,000","-5,453,000,000","3,467,000,000","7,237,000,000","22,071,000,000","6,920,000,000","4,446,000,000","4,139,000,000","5,308,000,000","2,529,000,000","-7,385,000,000","-2,258,000,000","860,100,000","3,835,000,000","5,300,200,000","4,625,200,000","3,285,100,000","2,515,400,000"
		NetIncomeIncludingNoncontrollingInterests,"3,817,000,000","4,329,000,000","-2,152,000,000","17,910,000,000","-1,276,000,000","84,000,000","3,695,000,000","7,757,000,000","4,600,000,000","7,371,000,000","1,230,000,000","11,946,000,000","5,612,000,000","20,222,000,000","6,557,000,000","2,717,000,000","-14,552,000,000","-2,411,000,000","-12,403,000,000","1,720,000,000","3,320,000,000","809,000,000","-613,000,000","-5,429,000,000","3,586,000,000","7,341,000,000","22,223,000,000","7,198,000,000","4,627,000,000","4,326,000,000","5,460,000,000","2,653,000,000","-422,000,000","-2,191,600,000","964,600,000","3,917,200,000","5,343,800,000","4,625,200,000","3,285,100,000","2,515,400,000"
			NetIncomeContinuousOperations,"3,817,000,000","4,329,000,000","-2,152,000,000","17,910,000,000","-1,276,000,000","84,000,000","3,695,000,000","7,757,000,000","4,600,000,000","7,371,000,000","1,230,000,000","11,946,000,000","5,612,000,000","20,222,000,000","6,557,000,000","2,712,000,000","-14,561,000,000","-2,452,000,000","-12,419,000,000","1,909,000,000","3,184,000,000","902,000,000","355,000,000","-5,347,000,000","5,410,000,000","6,606,000,000","21,520,000,000","7,198,000,000","4,627,000,000","4,326,000,000","5,460,000,000","2,653,000,000","-422,000,000","-2,258,000,000","860,100,000","3,835,000,000","5,300,200,000","4,625,200,000","3,285,100,000","2,515,400,000"
			NetIncomeDiscontinuousOperations,,,,,,,,,,,,,,"0","0","5,000,000","9,000,000","41,000,000","16,000,000","62,000,000","-146,000,000","-143,000,000","-333,000,000","-106,000,000","-1,943,000,000","735,000,000","703,000,000",,,,,,,,,,,,,
			NetIncomeExtraordinary,,,,,,,,,,,,,,,,,,"0",,"-251,000,000",,"-264,000,000","-1,002,000,000",,,,,,,,,,"-6,883,200,000",,,,,,,
		MinorityInterests,"19,000,000","18,000,000","171,000,000","27,000,000","-3,000,000","-37,000,000","-18,000,000","-26,000,000","-11,000,000","2,000,000","1,000,000","7,000,000","1,000,000","-9,000,000","4,000,000","0","-214,000,000","-312,000,000","-210,000,000","-280,000,000","-282,000,000","-314,000,000","-367,000,000","-24,000,000","-119,000,000","-104,000,000","-152,000,000","-278,000,000","-181,000,000","-187,000,000","-152,000,000","-124,000,000","-6,963,000,000","-66,400,000","-104,500,000","-82,200,000","-43,600,000",,,
	PreferredStockDividends,,,,,,,,,,,,,,,,,,,,,"152,000,000",,"15,000,000","15,000,000","15,000,000","15,000,000","107,000,000","54,000,000","65,000,000","300,000,000","287,000,000","288,000,000","209,000,000","22,000,000",,,,,,
	OtherunderPreferredStockDividend,,,,,,,,,,,,,,,,"5,000,000",,,,,,,,,,,,,,,,,,,,,,,,
AverageDilutionEarnings,,,,,,,,,,,,,,"106,000,000","392,000,000","146,000,000",,,,,,,,,,,,,,,,,,,,,,,,
DilutedNIAvailtoComStockholders,"3,836,000,000","4,347,000,000","-1,981,000,000","17,937,000,000","-1,279,000,000","47,000,000","3,677,000,000","7,731,000,000","4,589,000,000","7,373,000,000","1,231,000,000","11,953,000,000","5,613,000,000","20,213,000,000","6,561,000,000","2,858,000,000","-14,766,000,000","-2,723,000,000","-12,613,000,000","1,440,000,000","2,886,000,000","495,000,000","-995,000,000","-5,468,000,000","3,452,000,000","7,222,000,000","21,964,000,000","6,920,000,000","4,381,000,000","3,839,000,000","5,021,000,000","2,241,000,000","-7,594,000,000","-2,280,000,000","860,100,000","3,835,000,000","5,300,200,000","4,625,200,000","3,285,100,000","2,515,400,000"
BasicEPS,"0.96","1.09","-0.49","4.49","-0.32","0.01","0.93","1.91","1.16","1.86","0.31","3.04","1.47","5.33","1.9","0.91","-6.5","-1.4","-6.73","0.78","1.66","0.13","0.47","-3.02","2.34","5.99","18.17","3.66","2.374","2.279","3.164","1.445","-4.971","-2.39","0.94","4.11","5.48","4.52","3.03","2.29"
DilutedEPS,"0.96","1.08","-0.49","4.45","-0.32","0.01","0.92","1.9","1.15","1.84","0.31","2.94","1.41","4.94","1.66","0.86","-6.5","-1.4","-6.73","0.77","1.52","0.13","0.47","-3.02","2.3","5.86","17.76","3.577","2.317","2.12","2.826","1.337","-4.971","-2.39","0.92","4.06","5.41","4.45","3.03","2.22"
BasicAverageShares,"3,991,000,000","3,998,000,000","4,014,000,000","3,991,000,000","3,973,000,000","3,972,000,000","3,953,763,441","3,980,104,712","3,973,000,000","3,969,000,000","3,912,000,000","3,935,000,000","3,815,000,000","3,793,000,000","3,449,000,000","2,991,000,000","2,273,000,000","1,979,000,000","1,879,000,000","1,846,000,000","1,738,554,217","1,832,000,000","1,819,000,000","1,820,000,000","1,483,000,000","1,210,000,000","1,211,000,000","1,877,345,000","1,852,209,000","1,682,541,000","1,586,710,000","1,549,006,000","1,527,012,000","953,974,895","915,000,000","933,090,024","967,189,781","1,023,274,336","1,084,191,419","1,098,427,948"
DilutedAverageShares,"4,034,500,000","4,041,000,000","4,056,000,000","4,034,000,000","3,973,000,000","4,004,000,000","3,996,739,130","4,001,052,632","3,999,000,000","4,002,000,000","3,958,000,000","4,087,000,000","4,015,000,000","4,111,000,000","4,178,000,000","3,312,000,000","2,273,000,000","1,979,000,000","1,879,000,000","1,870,129,870","1,898,684,211","1,894,117,647","1,819,000,000","1,820,000,000","1,500,869,565","1,237,442,922","1,238,898,757","1,934,398,577","1,890,810,714","1,811,131,832","1,586,710,000","1,549,006,000","1,527,012,000","953,974,895","934,891,304","944,581,281","979,704,251","1,039,370,787","1,084,191,419","1,133,063,063"
TotalOperatingIncomeAsReported,"3,992,000,000","5,458,000,000","6,276,000,000","4,523,000,000","-4,408,000,000","574,000,000","3,203,000,000","4,881,000,000",,,,,,,,,,,,,,,,,,,,,,,,,,,,,,,,
TotalExpenses,"176,356,000,000","170,733,000,000","151,781,000,000","131,818,000,000","131,552,000,000","155,326,000,000","157,135,000,000","151,895,000,000","146,014,000,000","142,577,000,000","143,745,000,000","134,108,000,000","127,760,000,000","128,073,000,000","120,489,000,000","111,895,000,000","148,532,000,000","163,756,000,000","168,014,000,000","169,508,000,000","159,767,000,000","156,327,000,000","153,276,000,000","157,016,000,000","152,340,000,000","144,792,000,000","129,075,000,000","133,346,000,000","132,086,000,000","123,139,000,000","113,244,000,000","99,682,000,000","95,327,000,000","82,302,200,000","87,109,900,000","82,165,800,000","78,998,100,000","65,442,200,000","58,659,300,000","50,044,700,000"
NetIncomeFromContinuingAndDiscontinuedOperation,"3,836,000,000","4,347,000,000","-1,981,000,000","17,937,000,000","-1,279,000,000","47,000,000","3,677,000,000","7,731,000,000","4,589,000,000","7,373,000,000","1,231,000,000","11,953,000,000","5,613,000,000","20,213,000,000","6,561,000,000","2,717,000,000","-14,766,000,000","-2,723,000,000","-12,613,000,000","1,691,000,000","3,038,000,000","759,000,000","22,000,000","-5,453,000,000","3,467,000,000","7,237,000,000","22,071,000,000","6,920,000,000","4,446,000,000","4,139,000,000","5,308,000,000","2,529,000,000","-7,385,000,000","-2,258,000,000","860,100,000","3,835,000,000","5,300,200,000","4,625,200,000","3,285,100,000","2,515,400,000"
NormalizedIncome,"3,875,500,000","4,508,950,000","3,473,246,000","12,493,390,000","-1,515,520,000","-17,970,000","3,579,250,000","7,752,873,000","4,481,876,000","7,243,580,000","1,246,952,000","11,711,179,000","5,477,530,000","20,271,500,000","7,219,840,000","-209,100,000","-13,556,900,000","-755,794,981.313","-12,430,447,591.88","1,261,800,000","4,206,339,255.293","902,000,000","355,000,000","-5,347,000,000","5,456,666,666.667","10,603,431,702.862","27,054,668,863.262","13,225,076,880.885","10,066,786,692.183","8,859,856,375.839","9,421,171,009.216","5,656,531,101.674","-4,541,000,000","-2,809,522,499.435","533,626,947.141","3,417,156,908.901","4,640,461,167.143","3,606,312,079.66","2,313,913,458.384","1,578,894,022.385"
InterestIncome,"1,624,000,000","1,567,000,000","639,000,000","261,000,000","452,000,000","809,000,000","700,000,000","461,000,000","294,000,000","312,000,000","353,000,000","213,000,000","342,000,000","471,000,000","348,000,000","312,000,000","1,149,000,000","1,161,000,000","1,478,000,000","1,247,000,000",,,,,"1,488,000,000","1,418,000,000","1,325,000,000","1,116,000,000","841,000,000","800,000,000","665,000,000","563,000,000","653,000,000",,,,,,,
InterestExpense,"1,271,000,000","1,318,000,000","1,282,000,000","1,803,000,000","1,651,000,000","1,049,000,000","1,228,000,000","1,190,000,000","951,000,000","773,000,000","810,000,000","829,000,000","713,000,000","817,000,000","1,807,000,000","6,790,000,000","10,531,000,000","10,927,000,000","8,783,000,000","8,417,000,000",,,,,"1,383,000,000","1,347,000,000","795,000,000","788,000,000","695,000,000","622,000,000","721,000,000","807,000,000","860,000,000",,,,,,,
NetInterestIncome,"353,000,000","249,000,000","-643,000,000","-1,542,000,000","-1,199,000,000","-240,000,000","-528,000,000","-729,000,000","-657,000,000","-461,000,000","-457,000,000","-616,000,000","-371,000,000","-346,000,000","-1,459,000,000","-6,478,000,000","-9,382,000,000","-9,766,000,000","-7,305,000,000","-7,170,000,000",,,,,"105,000,000","71,000,000","530,000,000","328,000,000","146,000,000","178,000,000","-56,000,000","-244,000,000","-207,000,000",,,,,,,
EBIT,"4,841,000,000","5,285,000,000","-1,734,000,000","19,583,000,000","535,000,000","409,000,000","5,573,000,000","9,349,000,000","7,735,000,000","11,025,000,000","2,044,000,000","15,200,000,000","8,351,000,000","9,498,000,000","8,956,000,000","9,389,000,000","-3,967,000,000","7,181,000,000","-6,291,000,000","9,471,000,000","12,549,000,000","8,011,000,000","8,982,000,000","3,488,000,000","17,718,000,000","11,201,000,000","25,075,000,000","11,727,000,000","7,488,000,000","7,327,000,000","9,510,000,000","4,810,000,000","733,000,000","5,984,100,000","10,540,100,000","13,980,100,000","13,447,500,000","6,201,200,000","4,056,500,000","2,729,700,000"
EBITDA,"11,166,000,000","11,808,000,000","4,759,000,000","25,543,000,000","7,992,000,000","8,899,000,000","13,986,000,000","17,921,000,000","16,452,000,000","18,991,000,000","9,467,000,000","21,744,000,000","13,651,000,000","13,754,000,000","14,540,000,000","15,969,000,000","8,490,000,000","20,339,000,000","-6,291,000,000","9,471,000,000","25,623,000,000","22,277,000,000","24,062,000,000","22,779,000,000","33,667,000,000","25,743,000,000","38,978,000,000","25,511,000,000","20,279,000,000","19,046,000,000","18,846,000,000","12,278,000,000","7,488,000,000","11,762,400,000","13,725,000,000","18,208,800,000","15,905,100,000","9,368,600,000","7,016,100,000","5,122,500,000"
ReconciledCostOfRevenue,"165,856,000,000","160,031,000,000","140,893,000,000","119,903,000,000","121,359,000,000","144,165,000,000","145,732,000,000","140,368,000,000","135,042,000,000","131,814,000,000","131,903,000,000","123,050,000,000","116,154,000,000","117,225,000,000","108,796,000,000","98,866,000,000","127,102,000,000","142,587,000,000","148,866,000,000","144,920,000,000","135,755,000,000","129,685,000,000","125,027,000,000","119,153,000,000","124,544,000,000","121,376,000,000","107,338,000,000","111,567,000,000","112,670,000,000","105,376,000,000","98,484,000,000","87,358,000,000","84,138,000,000","70,371,300,000","78,004,100,000","72,615,700,000","68,233,300,000","58,495,100,000","51,866,200,000","44,435,400,000"
ReconciledDepreciation,"6,325,000,000","6,523,000,000","6,493,000,000","5,960,000,000","7,457,000,000","8,490,000,000","8,413,000,000","8,572,000,000","8,717,000,000","7,966,000,000","7,423,000,000","6,544,000,000","5,300,000,000","4,256,000,000","5,584,000,000","6,580,000,000","12,457,000,000","13,158,000,000","16,519,000,000","6,722,000,000","13,074,000,000","14,266,000,000","15,080,000,000","19,291,000,000","15,949,000,000","14,542,000,000","13,903,000,000","13,784,000,000","12,791,000,000","11,719,000,000","9,336,000,000","7,468,000,000","6,755,000,000","5,778,300,000","3,184,900,000","4,228,700,000","2,457,600,000","3,167,400,000","2,959,600,000","2,392,800,000"
NetIncomeFromContinuingOperationNetMinorityInterest,"3,836,000,000","4,347,000,000","-1,981,000,000","17,937,000,000","-1,279,000,000","47,000,000","3,677,000,000","7,731,000,000","4,589,000,000","7,373,000,000","1,231,000,000","11,953,000,000","5,613,000,000","20,213,000,000","6,561,000,000","2,712,000,000","-14,775,000,000","-2,764,000,000","-12,629,000,000","1,629,000,000","3,184,000,000","902,000,000","355,000,000","-5,347,000,000","5,410,000,000","6,502,000,000","21,368,000,000","6,920,000,000","4,446,000,000","4,139,000,000","5,308,000,000","2,529,000,000","-7,385,000,000","-2,258,000,000","860,100,000","3,835,000,000","5,300,200,000","4,625,200,000","3,285,100,000","2,515,400,000"
TotalUnusualItemsExcludingGoodwill,"-50,000,000","-205,000,000","-7,639,000,000","7,457,000,000","324,000,000","89,000,000","115,000,000","-23,000,000","158,000,000","180,000,000","-16,000,000","291,000,000","190,000,000","-90,000,000","-724,000,000","4,494,000,000","-1,874,000,000","-3,068,000,000","-241,000,000","612,000,000","-1,212,000,000",,,,"-70,000,000","-6,118,000,000","-6,416,000,000","-9,582,000,000","-8,252,000,000","-7,317,000,000","-6,621,000,000","-4,719,000,000","-4,740,000,000","648,100,000","527,800,000","648,000,000","1,033,000,000","1,619,400,000","1,495,700,000","1,347,200,000"
TotalUnusualItems,"-50,000,000","-205,000,000","-7,639,000,000","7,457,000,000","324,000,000","89,000,000","115,000,000","-23,000,000","158,000,000","180,000,000","-16,000,000","291,000,000","190,000,000","-90,000,000","-724,000,000","4,494,000,000","-1,874,000,000","-3,068,000,000","-241,000,000","612,000,000","-1,212,000,000",,,,"-70,000,000","-6,118,000,000","-6,416,000,000","-9,582,000,000","-8,252,000,000","-7,317,000,000","-6,621,000,000","-4,719,000,000","-4,740,000,000","648,100,000","527,800,000","648,000,000","1,033,000,000","1,619,400,000","1,495,700,000","1,347,200,000"
NormalizedEBITDA,"11,216,000,000","12,013,000,000","12,398,000,000","18,086,000,000","7,668,000,000","8,810,000,000","13,871,000,000","17,944,000,000","16,294,000,000","18,811,000,000","9,483,000,000","21,453,000,000","13,461,000,000","13,844,000,000","15,264,000,000","11,475,000,000","10,364,000,000","23,407,000,000","-6,050,000,000","8,859,000,000","26,835,000,000","22,277,000,000","24,062,000,000","22,779,000,000","33,737,000,000","31,861,000,000","45,394,000,000","35,093,000,000","28,531,000,000","26,363,000,000","25,467,000,000","16,997,000,000","12,228,000,000","11,114,300,000","13,197,200,000","17,560,800,000","14,872,100,000","7,749,200,000","5,520,400,000","3,775,300,000"
TaxRateForCalcs,"0.21","0.21","0.286","0.27","0.27","0.27","0.15","0.049","0.322","0.281","0.003","0.169","0.287","0.35","0.09","0.35","0.35","0.345","0.176","0.4","0.156","0.092","0.321","0.283","0.333","0.33","0.114","0.342","0.319","0.355","0.379","0.337","0.4","0.149","0.381","0.355","0.361","0.371","0.351","0.305"
TaxEffectOfUnusualItems,"-10,500,000","-43,050,000","-2,184,754,000","2,013,390,000","87,480,000","24,030,000","17,250,000","-1,127,000","50,876,000","50,580,000","-48,000","49,179,000","54,530,000","-31,500,000","-65,160,000","1,572,900,000","-655,900,000","-1,059,794,981.313","-42,447,591.88","244,800,000","-189,660,744.707","0","0","0","-23,333,333.333","-2,016,568,297.138","-729,331,136.738","-3,276,923,119.115","-2,631,213,307.817","-2,596,143,624.161","-2,507,828,990.784","-1,591,468,898.326","-1,896,000,000","96,577,500.565","201,326,947.141","230,156,908.901","373,261,167.143","600,512,079.66","524,513,458.384","410,694,022.385"