name,ttm,01/31/2024,01/31/2023,01/31/2022,01/31/2021,01/31/2020,01/31/2019,01/31/2018,01/31/2017,01/31/2016,01/31/2015,01/31/2014,01/31/2013,01/31/2012,01/31/2011,01/31/2010,01/31/2009,01/31/2008,01/31/2007,01/31/2006,01/31/2005,01/31/2004,01/31/2003,01/31/2002,01/31/2001,01/31/2000,01/31/1999,01/31/1998,01/31/1997,01/31/1996,01/31/1995,01/31/1994,01/31/1993,01/31/1992,01/31/1991,01/31/1990,01/31/1989,01/31/1988,01/31/1987,01/31/1986
TotalRevenue,"8,152,000,000","8,168,000,000","8,759,000,000","8,968,000,000","7,554,000,000","8,005,000,000","7,939,000,000","7,782,000,000","7,766,000,000","7,412,000,000","7,151,000,000","6,505,000,000","6,182,000,000","5,623,000,000","5,049,000,000","4,854,000,000","5,237,000,000","5,437,000,000","5,750,000,000","5,653,000,000","5,355,000,000","4,779,000,000","4,509,000,000","4,379,000,000","4,356,000,000","4,263,000,000","4,161,000,000","4,612,000,000","4,504,000,000","8,224,000,000","8,293,000,000","9,626,000,000","9,962,000,000","9,914,000,000","9,789,000,000","8,820,000,000","8,088,000,000","7,134,000,000","6,501,000,000","5,958,000,000"
	OperatingRevenue,"8,152,000,000","8,168,000,000","8,759,000,000","8,968,000,000","7,554,000,000","8,005,000,000","7,939,000,000","7,782,000,000","7,766,000,000","7,412,000,000","7,151,000,000","6,505,000,000","6,182,000,000","5,623,000,000","5,049,000,000","4,854,000,000","5,237,000,000","5,437,000,000","5,750,000,000","5,653,000,000","5,355,000,000","4,779,000,000","4,509,000,000","4,379,000,000","4,356,000,000","4,263,000,000","4,161,000,000","4,612,000,000","4,504,000,000","8,224,000,000","8,293,000,000","9,626,000,000","9,962,000,000","9,914,000,000","9,789,000,000","8,820,000,000","8,088,000,000","7,134,000,000","6,501,000,000","5,958,000,000"
CostOfRevenue,"5,897,000,000","5,895,000,000","5,955,000,000","5,878,000,000","5,365,000,000","5,462,000,000","5,411,000,000","5,326,000,000","5,130,000,000","4,907,000,000","4,777,000,000","4,372,000,000","4,148,000,000","3,827,000,000","3,533,000,000","3,522,000,000","3,777,000,000","4,017,000,000","4,014,000,000","3,944,000,000","3,722,000,000","3,302,000,000","3,165,000,000","3,071,000,000","3,047,000,000","3,099,000,000","3,030,000,000","3,127,000,000","3,020,000,000","5,735,000,000","5,626,000,000","6,747,000,000","6,683,000,000","6,684,000,000","6,534,000,000","5,759,000,000","5,333,000,000","4,714,000,000","4,287,000,000","3,952,000,000"
GrossProfit,"2,255,000,000","2,273,000,000","2,804,000,000","3,090,000,000","2,189,000,000","2,543,000,000","2,528,000,000","2,456,000,000","2,636,000,000","2,505,000,000","2,374,000,000","2,133,000,000","2,034,000,000","1,796,000,000","1,516,000,000","1,332,000,000","1,460,000,000","1,420,000,000","1,736,000,000","1,709,000,000","1,633,000,000","1,477,000,000","1,344,000,000","1,308,000,000","1,309,000,000","1,164,000,000","1,131,000,000","1,485,000,000","1,484,000,000","2,489,000,000","2,667,000,000","2,879,000,000","3,279,000,000","3,230,000,000","3,255,000,000","3,061,000,000","2,755,000,000","2,420,000,000","2,214,000,000","2,006,000,000"
OperatingExpense,"2,116,000,000","2,051,000,000","2,111,000,000","2,048,000,000","1,763,000,000","1,829,000,000","1,810,000,000","1,852,000,000","1,630,000,000","1,563,000,000","1,565,000,000","1,467,000,000","1,412,000,000","1,354,000,000","1,244,000,000","1,211,000,000","1,304,000,000","1,342,000,000","1,338,000,000","1,300,000,000","1,242,000,000","1,134,000,000","1,077,000,000","1,077,000,000","1,126,000,000","1,154,000,000","1,201,000,000","1,130,000,000","1,089,000,000","2,405,000,000","2,464,000,000","2,872,000,000","2,755,000,000","2,836,000,000","2,667,000,000","2,446,000,000","2,240,000,000","2,006,000,000","1,814,000,000","1,656,000,000"
	SellingGeneralAndAdministration,"1,916,000,000","1,852,000,000","1,903,000,000","1,851,000,000","1,587,000,000","1,650,000,000","1,632,000,000","1,679,000,000","1,472,000,000","1,415,000,000","1,426,000,000","1,334,000,000","1,294,000,000","1,244,000,000","1,138,000,000","1,099,000,000","1,174,000,000","1,176,000,000","1,163,000,000","1,129,000,000","1,088,000,000","987,000,000","928,000,000","923,000,000","975,000,000","985,000,000","1,062,000,000","1,008,000,000","975,000,000","2,166,000,000","2,231,000,000","2,615,000,000","2,501,000,000","2,575,000,000","2,433,000,000","2,242,000,000","2,063,000,000","1,859,000,000","1,689,000,000","1,545,000,000"
		GeneralAndAdministrativeExpense,"1,995,000,000","1,852,000,000","1,903,000,000","1,851,000,000","1,587,000,000","1,650,000,000","1,632,000,000","1,679,000,000","1,472,000,000","1,415,000,000","1,426,000,000","1,334,000,000","1,294,000,000","1,244,000,000","1,138,000,000","1,099,000,000",,,,,,,,,,,,,,,,,,,,,,,,
			SalariesAndWages,,"83,000,000","0","-7,000,000","2,000,000","4,000,000","18,000,000","178,000,000",,,,,,,,,,,,,,,,,,,,,,,,,,,,,,,,
			OtherGandA,"1,916,000,000","1,852,000,000","1,903,000,000","1,851,000,000","1,587,000,000","1,650,000,000","1,614,000,000","1,501,000,000","1,472,000,000","1,415,000,000","1,426,000,000","1,334,000,000","1,294,000,000","1,244,000,000","1,138,000,000","1,099,000,000",,,,,,,,,,,,,,,,,,,,,,,,
	DepreciationAmortizationDepletionIncomeStatement,"200,000,000","199,000,000","208,000,000","197,000,000","176,000,000","179,000,000","178,000,000","173,000,000","158,000,000","148,000,000","139,000,000","133,000,000","118,000,000","110,000,000","106,000,000","112,000,000","130,000,000","166,000,000","175,000,000","171,000,000","154,000,000","147,000,000","149,000,000","154,000,000","151,000,000","169,000,000","139,000,000","122,000,000","114,000,000","239,000,000","233,000,000","257,000,000","254,000,000","261,000,000","234,000,000","204,000,000","177,000,000","147,000,000","125,000,000","111,000,000"
		DepreciationAndAmortizationInIncomeStatement,"200,000,000","199,000,000","208,000,000","197,000,000","176,000,000","179,000,000","178,000,000","173,000,000","158,000,000","148,000,000","139,000,000","133,000,000","118,000,000","110,000,000","106,000,000","112,000,000","130,000,000","166,000,000","175,000,000","171,000,000","154,000,000","147,000,000","149,000,000","154,000,000","151,000,000","169,000,000","139,000,000","122,000,000","114,000,000","239,000,000","233,000,000","257,000,000","254,000,000","261,000,000","234,000,000","204,000,000","177,000,000","147,000,000","125,000,000","111,000,000"
OperatingIncome,"139,000,000","222,000,000","693,000,000","1,042,000,000","426,000,000","714,000,000","718,000,000","604,000,000","1,006,000,000","942,000,000","809,000,000","666,000,000","622,000,000","442,000,000","272,000,000","121,000,000","156,000,000","78,000,000","398,000,000","409,000,000","391,000,000","343,000,000","267,000,000","231,000,000","183,000,000","10,000,000","-70,000,000","355,000,000","395,000,000","84,000,000","203,000,000","7,000,000","524,000,000","394,000,000","588,000,000","615,000,000","515,000,000","414,000,000","400,000,000","350,000,000"
NetNonOperatingInterestIncomeExpense,"-8,000,000","-9,000,000","-15,000,000","-14,000,000","-7,000,000","11,000,000","9,000,000","2,000,000","-2,000,000","-4,000,000","-5,000,000","-5,000,000","-5,000,000","-6,000,000","-9,000,000","-10,000,000","5,000,000",,,,,,,,,,,,,,,,,,,,,,,
	InterestIncomeNonOperating,,,,"3,000,000","6,000,000","21,000,000","20,000,000","14,000,000","9,000,000","7,000,000","6,000,000","6,000,000","6,000,000","7,000,000","5,000,000","3,000,000","16,000,000",,,,,,,,,,,,,,,,,,,,,,,
	InterestExpenseNonOperating,"8,000,000","9,000,000","15,000,000","14,000,000","7,000,000","10,000,000","11,000,000","12,000,000","11,000,000","11,000,000","11,000,000","11,000,000","11,000,000","13,000,000","14,000,000","13,000,000","11,000,000",,,,,,,,,,,,,,,,,,,,,,,
OtherIncomeExpense,"-609,000,000","-636,000,000","-154,000,000","212,000,000","75,000,000","-53,000,000","-14,000,000","-28,000,000",,"-101,000,000","5,000,000","2,000,000","-10,000,000","-1,000,000","-6,000,000","-38,000,000","-251,000,000","-127,000,000","-3,000,000","6,000,000","-2,000,000","-1,000,000","5,000,000","-32,000,000","15,000,000","138,000,000","100,000,000","13,000,000","3,000,000","-198,000,000",,"-726,000,000",,"-390,000,000",,,,"43,000,000","30,000,000","32,000,000"
	GainOnSaleOfSecurity,,"-478,000,000","-61,000,000","367,000,000","190,000,000",,,,,,,,,,,,,,,,,,,,,,,,,,,,,,,,,,,
	EarningsFromEquityInterest,"-2,000,000","-1,000,000","1,000,000","3,000,000","-1,000,000",,,,,,,,,,,,,,,,,,,,,,,,,,,,,,,,,,,
	SpecialIncomeCharges,"-45,000,000","-47,000,000","-51,000,000","-172,000,000","-117,000,000","-65,000,000","-19,000,000","-33,000,000","-6,000,000","-105,000,000","-4,000,000","-2,000,000","-12,000,000","-5,000,000","-10,000,000","-41,000,000","-251,000,000","-127,000,000","-3,000,000","6,000,000","-2,000,000","-1,000,000","5,000,000","-32,000,000","15,000,000","138,000,000","100,000,000","13,000,000","3,000,000","-198,000,000",,"-726,000,000",,"-390,000,000",,,,"43,000,000","30,000,000","32,000,000"
		RestructuringAndMergernAcquisition,"8,000,000","13,000,000","-5,000,000","28,000,000","26,000,000","0","0","13,000,000",,,,,,,,"5,000,000",,,,,"2,000,000","1,000,000","-2,000,000","34,000,000","1,000,000","85,000,000",,,,,,,,,,,,,,
		ImpairmentOfCapitalAssets,"34,000,000","39,000,000","66,000,000","94,000,000","77,000,000","61,000,000","19,000,000","20,000,000","6,000,000","5,000,000","4,000,000","0","12,000,000","5,000,000","10,000,000","36,000,000","259,000,000",,,,,,,,,,,,,,,,,,,,,,,
		WriteOff,"-1,000,000","0","0","42,000,000","4,000,000","65,000,000","0",,,,,,,,,,,,,,,,,,,,,,,,,,,,,,,,,
		OtherSpecialCharges,,"1,000,000","9,000,000","8,000,000","10,000,000","13,000,000","37,000,000","211,000,000","6,000,000","105,000,000",,,,,"-4,000,000","3,000,000","-8,000,000",,,,,,"-3,000,000","-2,000,000","-16,000,000","-223,000,000",,,,,,,,,,,,,,
		GainOnSaleOfBusiness,"1,000,000","3,000,000","19,000,000","0","0",,,,,,,"-2,000,000",,"0",,,,,,,,,,,,,,,,,,,,,,,,,,
		GainOnSaleOfPPE,,"3,000,000","0","0",,,,,,,,,,,,,,,,,,,,,,,,,,,,,,,,,,,,
	OtherNonOperatingIncomeExpenses,"-84,000,000","-110,000,000","-43,000,000","14,000,000","3,000,000","12,000,000","5,000,000","5,000,000","6,000,000","4,000,000","9,000,000","4,000,000","2,000,000","4,000,000","4,000,000","3,000,000",,,,,,,,,,,,,,,,,,,,,,,,
PretaxIncome,"-478,000,000","-423,000,000","524,000,000","1,240,000,000","494,000,000","672,000,000","713,000,000","578,000,000","1,004,000,000","837,000,000","809,000,000","663,000,000","607,000,000","435,000,000","257,000,000","73,000,000","-100,000,000","-50,000,000","392,000,000","405,000,000","374,000,000","324,000,000","246,000,000","175,000,000","176,000,000","97,000,000","-14,000,000","333,000,000","348,000,000","-233,000,000","96,000,000","-798,000,000","437,000,000","-83,000,000","493,000,000","514,000,000","444,000,000","406,000,000","374,000,000","314,000,000"
TaxProvision,"-113,000,000","-93,000,000","180,000,000","348,000,000","171,000,000","181,000,000","172,000,000","294,000,000","340,000,000","296,000,000","289,000,000","234,000,000","210,000,000","157,000,000","88,000,000","26,000,000","-21,000,000","-93,000,000","145,000,000","142,000,000","119,000,000","115,000,000","84,000,000","64,000,000","69,000,000","38,000,000","-28,000,000","120,000,000","139,000,000","-69,000,000","49,000,000","-303,000,000","157,000,000","-30,000,000","176,000,000","185,000,000","156,000,000","155,000,000","160,000,000","137,000,000"
NetIncomeCommonStockholders,"-365,000,000","-330,000,000","342,000,000","893,000,000","323,000,000","491,000,000","541,000,000","284,000,000","664,000,000","541,000,000","520,000,000","429,000,000","397,000,000","278,000,000","169,000,000","48,000,000","-80,000,000","45,000,000","251,000,000","264,000,000","293,000,000","207,000,000","153,000,000","92,000,000","-190,000,000","48,000,000","-105,000,000","-10,000,000","169,000,000","-164,000,000","47,000,000","-495,000,000","280,000,000","-53,000,000","317,000,000","329,000,000","288,000,000","251,000,000","213,000,000","176,000,000"
	NetIncome,"-365,000,000","-330,000,000","342,000,000","893,000,000","323,000,000","491,000,000","541,000,000","284,000,000","664,000,000","541,000,000","520,000,000","429,000,000","397,000,000","278,000,000","169,000,000","48,000,000","-80,000,000","45,000,000","251,000,000","264,000,000","293,000,000","207,000,000","153,000,000","92,000,000","-190,000,000","48,000,000","-105,000,000","-10,000,000","169,000,000","-164,000,000","47,000,000","-495,000,000","280,000,000","-53,000,000","317,000,000","329,000,000","288,000,000","251,000,000","214,000,000","177,000,000"
		NetIncomeIncludingNoncontrollingInterests,"-365,000,000","-330,000,000","341,000,000","892,000,000","323,000,000","491,000,000","541,000,000","284,000,000","664,000,000","541,000,000","520,000,000","429,000,000","397,000,000","278,000,000","169,000,000","48,000,000","-80,000,000","45,000,000","251,000,000","264,000,000","293,000,000","207,000,000","153,000,000","92,000,000","-190,000,000","48,000,000","-105,000,000","-10,000,000","169,000,000","-164,000,000","47,000,000","-495,000,000","280,000,000","-53,000,000","317,000,000","329,000,000","288,000,000","251,000,000","214,000,000","177,000,000"
			NetIncomeContinuousOperations,"-365,000,000","-330,000,000","344,000,000","892,000,000","323,000,000","491,000,000","541,000,000","284,000,000","664,000,000","541,000,000","520,000,000","429,000,000","397,000,000","278,000,000","169,000,000","47,000,000","-79,000,000","43,000,000","247,000,000","263,000,000","255,000,000","209,000,000","162,000,000","111,000,000","107,000,000","59,000,000","14,000,000","213,000,000","209,000,000","-164,000,000","47,000,000","-495,000,000","280,000,000","-53,000,000","317,000,000","329,000,000","288,000,000","251,000,000","214,000,000","177,000,000"
			NetIncomeDiscontinuousOperations,,"0","-3,000,000","0","0",,,,,,,,,"0","0","1,000,000","-1,000,000","2,000,000","3,000,000","1,000,000","38,000,000","-1,000,000","-9,000,000","-19,000,000","-296,000,000","-19,000,000","-119,000,000","-223,000,000","-40,000,000",,,,,,,,,,,
			NetIncomeExtraordinary,,,,,,,,,,,,,,,,,,,"1,000,000",,,"-1,000,000",,,"-1,000,000","8,000,000",,,,,,,,,,,,,,
		MinorityInterests,,"0","1,000,000","1,000,000","0","0",,,,,,,,,,,,,,,,,,,,,,,,,,,,,,,,,,
	PreferredStockDividends,,,,,,,,,,,,,,,,,,,,,,,,,,,,,,,,,,,,,,,"1,000,000","1,000,000"
DilutedNIAvailtoComStockholders,"-365,000,000","-330,000,000","342,000,000","893,000,000","323,000,000","491,000,000","541,000,000","284,000,000","664,000,000","541,000,000","520,000,000","429,000,000","397,000,000","278,000,000","169,000,000","48,000,000","-80,000,000","45,000,000","251,000,000","264,000,000","293,000,000","207,000,000","153,000,000","92,000,000","-190,000,000","48,000,000","-105,000,000","-10,000,000","169,000,000","-164,000,000","47,000,000","-495,000,000","280,000,000","-53,000,000","317,000,000","329,000,000","288,000,000","251,000,000","213,000,000","176,000,000"
BasicEPS,"-3.88","-3.51","3.62","9.204","3.117","4.763","4.792","2.343","5.05","3.95","3.692","2.924","2.634","1.834","1.093","0.307","-0.52","0.3","1.62","1.71","1.94","1.46","1.09","0.66","-1.74","0.43","-1","1.37","1.26","-1.23","0.36","-3.76","2.14","-0.41","2.45","2.56","2.24","1.91","1.63","1.38"
DilutedEPS,"-3.88","-3.51","3.58","8.61","3.08","4.56","4.66","2.22","4.91","3.84","3.56","2.85","2.58","1.8","1.07","0.3","-0.52","0.29","1.6","1.68","1.88","1.39","1.05","0.64","-1.74","0.43","-1","1.36","1.26","-1.23","0.36","-3.76","2.14","-0.41","2.45","2.56","2.24","1.91","1.63","1.38"
BasicAverageShares,"94,600,000","94,200,000","94,300,000","97,020,796","103,619,123","104,187,310","112,222,000","119,829,023","131,495,621","136,977,000","140,864,000","145,427,000","150,070,000","151,619,000","154,620,000","155,900,000","154,000,000","150,000,000","154,938,272","155,100,000","150,900,000","141,780,822","140,366,972","139,400,000","137,900,000","111,627,907","105,000,000","134,408,602","134,126,984","133,333,333","130,555,556","131,648,936","130,841,121","129,268,293","129,387,755","128,515,625","128,571,429","131,413,613","130,674,847","127,536,232"
DilutedAverageShares,"94,600,000","94,200,000","95,500,000","103,800,000","105,100,000","109,100,000","116,100,000","127,900,000","135,100,000","140,800,000","146,000,000","150,500,000","154,000,000","154,400,000","156,700,000","156,300,000","154,000,000","155,172,414","156,875,000","157,600,000","157,100,000","148,920,863","145,714,286","146,900,000","139,100,000","111,627,907","105,000,000","135,869,565","134,126,984","133,333,333","130,555,556","131,648,936","130,841,121","129,268,293","129,387,755","128,515,625","128,571,429","131,413,613","130,674,847","127,536,232"
TotalOperatingIncomeAsReported,"89,000,000","142,000,000","581,000,000","870,000,000","309,000,000","649,000,000","699,000,000","571,000,000","1,000,000,000","837,000,000",,,,,"262,000,000",,"-103,000,000","78,000,000","398,000,000","409,000,000","389,000,000","342,000,000","269,000,000","197,000,000","182,000,000","-75,000,000","-70,000,000","355,000,000","395,000,000","84,000,000","203,000,000","7,000,000","524,000,000","394,000,000","588,000,000","615,000,000","515,000,000","414,000,000","400,000,000","350,000,000"
TotalExpenses,"8,013,000,000","7,946,000,000","8,066,000,000","7,926,000,000","7,128,000,000","7,291,000,000","7,221,000,000","7,178,000,000","6,760,000,000","6,470,000,000","6,342,000,000","5,839,000,000","5,560,000,000","5,181,000,000","4,777,000,000","4,733,000,000","5,081,000,000","5,359,000,000","5,352,000,000","5,244,000,000","4,964,000,000","4,436,000,000","4,242,000,000","4,148,000,000","4,173,000,000","4,253,000,000","4,231,000,000","4,257,000,000","4,109,000,000","8,140,000,000","8,090,000,000","9,619,000,000","9,438,000,000","9,520,000,000","9,201,000,000","8,205,000,000","7,573,000,000","6,720,000,000","6,101,000,000","5,608,000,000"
NetIncomeFromContinuingAndDiscontinuedOperation,"-365,000,000","-330,000,000","342,000,000","893,000,000","323,000,000","491,000,000","541,000,000","284,000,000","664,000,000","541,000,000","520,000,000","429,000,000","397,000,000","278,000,000","169,000,000","48,000,000","-80,000,000","45,000,000","250,000,000","264,000,000","293,000,000","208,000,000","153,000,000","92,000,000","-189,000,000","40,000,000","-105,000,000","-10,000,000","169,000,000","-164,000,000","47,000,000","-495,000,000","280,000,000","-53,000,000","317,000,000","329,000,000","288,000,000","251,000,000","214,000,000","177,000,000"
NormalizedIncome,"34,361,924.686","79,500,000","418,584,000","752,795,000","275,185,000","538,450,000","555,421,000","308,090,000","667,966,000","608,830,000","522,572,000","430,294,000","404,848,000","281,200,000","175,570,000","73,397,260.274","119,290,000","125,550,000","248,890,306.122","259,103,703.704","256,363,636.364","209,645,061.728","158,707,317.073","131,297,142.857","97,880,681.818","-24,938,144.33","-46,000,000","204,684,684.685","207,198,275.862","-24,635,193.133","47,000,000","-44,661,654.135","280,000,000","196,036,144.578","317,000,000","329,000,000","288,000,000","224,416,256.158","196,000,000","157,800,000"
InterestIncome,,,,"3,000,000","6,000,000","21,000,000","20,000,000","14,000,000","9,000,000","7,000,000","6,000,000","6,000,000","6,000,000","7,000,000","5,000,000","3,000,000","16,000,000",,,,,,,,,,,,,,,,,,,,,,,
InterestExpense,"8,000,000","9,000,000","15,000,000","14,000,000","7,000,000","10,000,000","11,000,000","12,000,000","11,000,000","11,000,000","11,000,000","11,000,000","11,000,000","13,000,000","14,000,000","13,000,000","11,000,000",,,,,,,,,,,,,,,,,,,,,,,
NetInterestIncome,"-8,000,000","-9,000,000","-15,000,000","-14,000,000","-7,000,000","11,000,000","9,000,000","2,000,000","-2,000,000","-4,000,000","-5,000,000","-5,000,000","-5,000,000","-6,000,000","-9,000,000","-10,000,000","5,000,000",,,,,,,,,,,,,,,,,,,,,,,
EBIT,"-470,000,000","-414,000,000","539,000,000","1,254,000,000","501,000,000","682,000,000","724,000,000","590,000,000","1,015,000,000","848,000,000","820,000,000","674,000,000","618,000,000","448,000,000","271,000,000","86,000,000","-89,000,000","78,000,000","398,000,000","409,000,000","391,000,000","343,000,000","267,000,000","231,000,000","183,000,000","10,000,000","-70,000,000","355,000,000","395,000,000","84,000,000","203,000,000","7,000,000","524,000,000","394,000,000","588,000,000","615,000,000","515,000,000","414,000,000","400,000,000","350,000,000"
EBITDA,"-270,000,000","-215,000,000","747,000,000","1,451,000,000","677,000,000","861,000,000","902,000,000","763,000,000","1,173,000,000","996,000,000","959,000,000","807,000,000","736,000,000","558,000,000","377,000,000","198,000,000","41,000,000","244,000,000","573,000,000","580,000,000","545,000,000","490,000,000","416,000,000","385,000,000","334,000,000","179,000,000","69,000,000","477,000,000","509,000,000","323,000,000","436,000,000","264,000,000","778,000,000","655,000,000","822,000,000","819,000,000","692,000,000","561,000,000","525,000,000","461,000,000"
ReconciledCostOfRevenue,"5,897,000,000","5,895,000,000","5,955,000,000","5,878,000,000","5,365,000,000","5,462,000,000","5,411,000,000","5,326,000,000","5,130,000,000","4,907,000,000","4,777,000,000","4,372,000,000","4,148,000,000","3,827,000,000","3,533,000,000","3,522,000,000","3,777,000,000","4,017,000,000","4,014,000,000","3,944,000,000","3,722,000,000","3,302,000,000","3,165,000,000","3,071,000,000","3,047,000,000","3,099,000,000","3,030,000,000","3,127,000,000","3,020,000,000","5,735,000,000","5,626,000,000","6,747,000,000","6,683,000,000","6,684,000,000","6,534,000,000","5,759,000,000","5,333,000,000","4,714,000,000","4,287,000,000","3,952,000,000"
ReconciledDepreciation,"200,000,000","199,000,000","208,000,000","197,000,000","176,000,000","179,000,000","178,000,000","173,000,000","158,000,000","148,000,000","139,000,000","133,000,000","118,000,000","110,000,000","106,000,000","112,000,000","130,000,000","166,000,000","175,000,000","171,000,000","154,000,000","147,000,000","149,000,000","154,000,000","151,000,000","169,000,000","139,000,000","122,000,000","114,000,000","239,000,000","233,000,000","257,000,000","254,000,000","261,000,000","234,000,000","204,000,000","177,000,000","147,000,000","125,000,000","111,000,000"
NetIncomeFromContinuingOperationNetMinorityInterest,"-365,000,000","-330,000,000","345,000,000","893,000,000","323,000,000","491,000,000","541,000,000","284,000,000","664,000,000","541,000,000","520,000,000","429,000,000","397,000,000","278,000,000","169,000,000","47,000,000","-79,000,000","43,000,000","247,000,000","263,000,000","255,000,000","209,000,000","162,000,000","111,000,000","107,000,000","59,000,000","14,000,000","213,000,000","209,000,000","-164,000,000","47,000,000","-495,000,000","280,000,000","-53,000,000","317,000,000","329,000,000","288,000,000","251,000,000","214,000,000","177,000,000"
TotalUnusualItemsExcludingGoodwill,"-523,000,000","-525,000,000","-112,000,000","195,000,000","73,000,000","-65,000,000","-19,000,000","-33,000,000","-6,000,000","-105,000,000","-4,000,000","-2,000,000","-12,000,000","-5,000,000","-10,000,000","-41,000,000","-251,000,000","-127,000,000","-3,000,000","6,000,000","-2,000,000","-1,000,000","5,000,000","-32,000,000","15,000,000","138,000,000","100,000,000","13,000,000","3,000,000","-198,000,000",,"-726,000,000",,"-390,000,000",,,,"43,000,000","30,000,000","32,000,000"
TotalUnusualItems,"-523,000,000","-525,000,000","-112,000,000","195,000,000","73,000,000","-65,000,000","-19,000,000","-33,000,000","-6,000,000","-105,000,000","-4,000,000","-2,000,000","-12,000,000","-5,000,000","-10,000,000","-41,000,000","-251,000,000","-127,000,000","-3,000,000","6,000,000","-2,000,000","-1,000,000","5,000,000","-32,000,000","15,000,000","138,000,000","100,000,000","13,000,000","3,000,000","-198,000,000",,"-726,000,000",,"-390,000,000",,,,"43,000,000","30,000,000","32,000,000"
NormalizedEBITDA,"253,000,000","310,000,000","859,000,000","1,256,000,000","604,000,000","926,000,000","921,000,000","796,000,000","1,179,000,000","1,101,000,000","963,000,000","809,000,000","748,000,000","563,000,000","387,000,000","239,000,000","292,000,000","371,000,000","576,000,000","574,000,000","547,000,000","491,000,000","411,000,000","417,000,000","319,000,000","41,000,000","-31,000,000","464,000,000","506,000,000","521,000,000","436,000,000","990,000,000","778,000,000","1,045,000,000","822,000,000","819,000,000","692,000,000","518,000,000","495,000,000","429,000,000"
TaxRateForCalcs,"0.236","0.22","0.343","0.281","0.345","0.27","0.241","0.27","0.339","0.354","0.357","0.353","0.346","0.36","0.343","0.356","0.21","0.35","0.37","0.351","0.318","0.355","0.341","0.366","0.392","0.392","0.4","0.36","0.399","0.296","0.4","0.38","0.359","0.361","0.357","0.36","0.351","0.382","0.4","0.4"
TaxEffectOfUnusualItems,"-123,638,075.314","-115,500,000","-38,416,000","54,795,000","25,185,000","-17,550,000","-4,579,000","-8,910,000","-2,034,000","-37,170,000","-1,428,000","-706,000","-4,152,000","-1,800,000","-3,430,000","-14,602,739.726","-52,710,000","-44,450,000","-1,109,693.878","2,103,703.704","-636,363.636","-354,938.272","1,707,317.073","-11,702,857.143","5,880,681.818","54,061,855.67","40,000,000","4,684,684.685","1,198,275.862","-58,635,193.133","0","-275,661,654.135","0","-140,963,855.422","0","0","0","16,416,256.158","12,000,000","12,800,000"