name,ttm,12/31/2023,12/31/2022,12/31/2021,12/31/2020,12/31/2019,12/31/2018,12/31/2017,12/31/2016,12/31/2015,12/31/2014,12/31/2013,12/31/2012,12/31/2011,12/31/2010,12/31/2009,12/31/2008,12/31/2007
TotalRevenue,"6,699,000,000","6,667,000,000","5,891,000,000","3,028,000,000","2,066,000,000","5,020,000,000","4,454,000,000","4,462,000,000","4,265,000,000","4,328,000,000","4,415,000,000","4,184,000,000","3,949,000,000","3,698,000,000","3,527,000,000","3,330,000,000","3,837,000,000","3,738,000,000"
	OperatingRevenue,"3,378,000,000","3,356,000,000","3,029,000,000","1,371,000,000","752,000,000","2,456,000,000","2,470,000,000","2,682,000,000","2,538,000,000","2,506,000,000","2,633,000,000","2,484,000,000","2,328,000,000","2,167,000,000","2,114,000,000","3,330,000,000","3,837,000,000","3,738,000,000"
CostOfRevenue,"5,393,000,000","5,350,000,000","4,603,000,000","2,603,000,000","2,067,000,000","4,077,000,000","3,475,000,000","3,477,000,000","3,356,000,000","3,377,000,000","3,433,000,000","3,283,000,000","3,121,000,000","2,957,000,000","2,864,000,000","2,751,000,000","2,934,000,000","2,847,000,000"
GrossProfit,"1,306,000,000","1,317,000,000","1,288,000,000","425,000,000","-1,000,000","943,000,000","979,000,000","985,000,000","909,000,000","951,000,000","982,000,000","901,000,000","828,000,000","741,000,000","663,000,000","579,000,000","903,000,000","891,000,000"
OperatingExpense,"971,000,000","995,000,000","874,000,000","698,000,000","631,000,000","746,000,000","647,000,000","725,000,000","641,000,000","628,000,000","703,000,000","668,000,000","669,000,000","588,000,000","555,000,000","530,000,000","539,000,000","506,000,000"
	SellingGeneralAndAdministration,"612,000,000","615,000,000","464,000,000","366,000,000","321,000,000","417,000,000","320,000,000","377,000,000","315,000,000","308,000,000","349,000,000","323,000,000","316,000,000","283,000,000","276,000,000","261,000,000","290,000,000","292,000,000"
	DepreciationAmortizationDepletionIncomeStatement,"376,000,000","397,000,000","426,000,000","310,000,000","310,000,000","329,000,000","327,000,000","348,000,000","326,000,000","320,000,000","354,000,000","345,000,000","353,000,000","305,000,000","279,000,000","269,000,000","249,000,000","214,000,000"
		DepreciationAndAmortizationInIncomeStatement,"376,000,000","397,000,000","426,000,000","310,000,000","310,000,000","329,000,000","327,000,000","348,000,000","326,000,000","320,000,000","354,000,000","345,000,000","353,000,000","305,000,000","279,000,000","269,000,000","249,000,000","214,000,000"
	ProvisionForDoubtfulAccounts,,"-17,000,000","-16,000,000","22,000,000",,,,,,,,,,,,,,
OperatingIncome,"335,000,000","322,000,000","414,000,000","-273,000,000","-632,000,000","197,000,000","332,000,000","260,000,000","268,000,000","323,000,000","279,000,000","233,000,000","159,000,000","153,000,000","108,000,000","49,000,000","364,000,000","385,000,000"
NetNonOperatingInterestIncomeExpense,"-71,000,000","-71,000,000","-106,000,000","-135,000,000","-98,000,000","-50,000,000","-48,000,000","30,000,000","-48,000,000","-60,000,000","-60,000,000","-48,000,000","-47,000,000","-34,000,000","-33,000,000","-56,000,000","-75,000,000","-43,000,000"
	InterestIncomeNonOperating,"88,000,000","74,000,000","44,000,000","28,000,000","30,000,000","25,000,000","28,000,000","110,000,000","28,000,000","8,000,000","11,000,000","17,000,000","23,000,000","23,000,000","21,000,000",,,
	InterestExpenseNonOperating,"159,000,000","145,000,000","150,000,000","163,000,000","128,000,000","75,000,000","76,000,000","80,000,000","76,000,000","68,000,000","71,000,000","65,000,000","70,000,000","57,000,000","54,000,000","56,000,000","75,000,000","43,000,000"
	TotalOtherFinanceCost,,,,,,"-18,000,000","-11,000,000","-10,000,000","-3,000,000",,,,,,,,,
OtherIncomeExpense,"849,000,000","59,000,000","55,000,000","452,000,000","-230,000,000","859,000,000","667,000,000","432,000,000","62,000,000","-69,000,000","306,000,000","136,000,000","-17,000,000","-36,000,000","13,000,000","-44,000,000","-85,000,000","132,000,000"
	GainOnSaleOfSecurity,"818,000,000","99,000,000","121,000,000","477,000,000","11,000,000","811,000,000","711,000,000","239,000,000","7,000,000","-1,000,000","323,000,000","204,000,000","36,000,000","-18,000,000","63,000,000","29,000,000","-36,000,000","15,000,000"
	EarningsFromEquityInterest,"47,000,000","-1,000,000","5,000,000","28,000,000","-70,000,000","-10,000,000","8,000,000","219,000,000","67,000,000","-64,000,000","25,000,000","-1,000,000","-22,000,000","4,000,000","-40,000,000","-13,000,000","14,000,000","11,000,000"
	SpecialIncomeCharges,"-30,000,000","-38,000,000","-77,000,000","-42,000,000","-140,000,000","52,000,000","-42,000,000","20,000,000","19,000,000","7,000,000","-31,000,000","-58,000,000","-27,000,000","-11,000,000","-9,000,000","-60,000,000","-63,000,000","106,000,000"
		RestructuringAndMergernAcquisition,"14,000,000","29,000,000","45,000,000","49,000,000","72,000,000","-29,000,000","10,000,000","4,000,000","4,000,000","0","13,000,000","10,000,000","23,000,000","5,000,000","0",,,
		ImpairmentOfCapitalAssets,"40,000,000","30,000,000","38,000,000","8,000,000","62,000,000","18,000,000","25,000,000","0","0","5,000,000","17,000,000","22,000,000","0","6,000,000","44,000,000","12,000,000","86,000,000","61,000,000"
		WriteOff,,,"-16,000,000","22,000,000","29,000,000","0","22,000,000","0","0",,"0","0","4,000,000","0","0",,,
		OtherSpecialCharges,"-24,000,000","-21,000,000","-6,000,000","-15,000,000","-23,000,000","-25,000,000","-15,000,000","-24,000,000","-23,000,000","-12,000,000","14,000,000","55,000,000",,"9,000,000","-35,000,000","48,000,000","-23,000,000","-145,000,000"
		GainOnSaleOfPPE,,,,"0","0","16,000,000","0","0","-6,000,000","0","0","29,000,000","0","0","26,000,000","0","0","22,000,000"
	OtherNonOperatingIncomeExpenses,,"-1,000,000","6,000,000","-11,000,000","-31,000,000","6,000,000","-10,000,000","-46,000,000","-31,000,000","-11,000,000","-11,000,000","-9,000,000","-4,000,000","-11,000,000","-1,000,000",,,
PretaxIncome,"1,113,000,000","310,000,000","363,000,000","44,000,000","-960,000,000","1,006,000,000","951,000,000","722,000,000","282,000,000","194,000,000","525,000,000","321,000,000","95,000,000","83,000,000","88,000,000","-51,000,000","204,000,000","474,000,000"
TaxProvision,"138,000,000","90,000,000","-92,000,000","266,000,000","-257,000,000","240,000,000","182,000,000","332,000,000","76,000,000","70,000,000","179,000,000","116,000,000","8,000,000","-28,000,000","37,000,000","-8,000,000","90,000,000","208,000,000"
NetIncomeCommonStockholders,"975,000,000","220,000,000","455,000,000","-222,000,000","-703,000,000","766,000,000","769,000,000","389,000,000","206,000,000","124,000,000","344,000,000","207,000,000","88,000,000","113,000,000","66,000,000","-43,000,000","168,000,000","271,000,000"
	NetIncome,"975,000,000","220,000,000","455,000,000","-222,000,000","-703,000,000","766,000,000","769,000,000","389,000,000","206,000,000","124,000,000","344,000,000","207,000,000","88,000,000","113,000,000","66,000,000","-43,000,000","168,000,000","271,000,000"
		NetIncomeIncludingNoncontrollingInterests,"975,000,000","220,000,000","455,000,000","-222,000,000","-703,000,000","766,000,000","769,000,000","390,000,000","206,000,000","124,000,000","346,000,000","205,000,000","87,000,000","111,000,000","55,000,000","-46,000,000","170,000,000","270,000,000"
			NetIncomeContinuousOperations,"975,000,000","220,000,000","455,000,000","-222,000,000","-703,000,000","766,000,000","769,000,000","390,000,000","206,000,000","124,000,000","346,000,000","205,000,000","87,000,000","111,000,000","51,000,000","-43,000,000","114,000,000","266,000,000"
			NetIncomeDiscontinuousOperations,,,,,,,,,,,,,"0","0","4,000,000","-3,000,000","56,000,000","5,000,000"
			NetIncomeExtraordinary,,,,,,,,,,,,,,,,,"0","0"
			NetIncomeFromTaxLossCarryforward,,,,,,,,,,,,,,,,,"-2,000,000","-1,000,000"
		MinorityInterests,"0","0","0","0","0","0","0","-1,000,000","0","0","-2,000,000","2,000,000","1,000,000","2,000,000","11,000,000","3,000,000","-2,000,000","-1,000,000"
DilutedNIAvailtoComStockholders,"975,000,000","220,000,000","455,000,000","-222,000,000","-703,000,000","766,000,000","769,000,000","389,000,000","206,000,000","124,000,000","344,000,000","207,000,000","88,000,000","113,000,000","66,000,000","-43,000,000","168,000,000","271,000,000"
BasicEPS,"9.55","2.1","4.17","-2.13","-6.93","7.33","6.79","1.99","1.55","0.87","2.25","1.3","0.53","0.67","0.38","-0.28","1.31","2.01"
DilutedEPS,"9.31","2.05","4.09","-2.13","-6.93","7.21","6.68","1.97","1.53","0.86","2.23","1.3","0.53","0.67","0.38","-0.28","1.31","2.01"
BasicAverageShares,"102,853,938","104,861,037","109,100,000","104,000,000","101,300,000","104,600,000","113,300,000","124,800,000","132,930,578","142,800,000","153,100,000","158,500,000","165,017,485","168,800,000","174,115,200","153,571,429","128,037,015","134,585,000"
DilutedAverageShares,"105,835,076","107,726,961","111,300,000","104,000,000","101,300,000","106,300,000","115,100,000","126,300,000","133,939,331","144,000,000","154,400,000","159,200,000","165,377,328","169,200,000","174,354,202","153,571,429","128,061,147","134,634,000"
TotalExpenses,"6,364,000,000","6,345,000,000","5,477,000,000","3,301,000,000","2,698,000,000","4,823,000,000","4,122,000,000","4,202,000,000","3,997,000,000","4,005,000,000","4,136,000,000","3,951,000,000","3,790,000,000","3,545,000,000","3,419,000,000","3,281,000,000","3,473,000,000","3,353,000,000"
NetIncomeFromContinuingAndDiscontinuedOperation,"975,000,000","220,000,000","455,000,000","-222,000,000","-703,000,000","766,000,000","769,000,000","389,000,000","206,000,000","124,000,000","344,000,000","207,000,000","88,000,000","113,000,000","66,000,000","-43,000,000","168,000,000","272,000,000"
NormalizedIncome,"284,703,504.043","176,629,000","420,240,000","-539,550,000","-608,572,000","109,257,000","119,401,000","233,600,000","187,020,000","120,172,000","151,572,000","113,852,000","79,747,000","131,850,000","26,900,000","-13,862,745.098","176,350,000","188,350,000"
InterestIncome,"88,000,000","74,000,000","44,000,000","28,000,000","30,000,000","25,000,000","28,000,000","110,000,000","28,000,000","8,000,000","11,000,000","17,000,000","23,000,000","23,000,000","21,000,000",,,
InterestExpense,"159,000,000","145,000,000","150,000,000","163,000,000","128,000,000","75,000,000","76,000,000","80,000,000","76,000,000","68,000,000","71,000,000","65,000,000","70,000,000","57,000,000","54,000,000","56,000,000","75,000,000","43,000,000"
NetInterestIncome,"-71,000,000","-71,000,000","-106,000,000","-135,000,000","-98,000,000","-50,000,000","-48,000,000","30,000,000","-48,000,000","-60,000,000","-60,000,000","-48,000,000","-47,000,000","-34,000,000","-33,000,000","-56,000,000","-75,000,000","-43,000,000"
EBIT,"1,272,000,000","455,000,000","513,000,000","207,000,000","-832,000,000","1,081,000,000","1,027,000,000","802,000,000","358,000,000","262,000,000","596,000,000","386,000,000","165,000,000","140,000,000","142,000,000","5,000,000","279,000,000","517,000,000"
EBITDA,"1,690,000,000","894,000,000","974,000,000","544,000,000","-491,000,000","1,445,000,000","1,354,000,000","1,150,000,000","684,000,000","582,000,000","950,000,000","731,000,000","518,000,000","445,000,000","421,000,000","274,000,000","528,000,000","731,000,000"
ReconciledCostOfRevenue,"5,351,000,000","5,308,000,000","4,568,000,000","2,576,000,000","2,036,000,000","4,042,000,000","3,475,000,000","3,477,000,000","3,356,000,000","3,377,000,000","3,433,000,000","3,283,000,000","3,121,000,000","2,957,000,000","2,864,000,000","2,751,000,000","2,934,000,000","2,847,000,000"
ReconciledDepreciation,"418,000,000","439,000,000","461,000,000","337,000,000","341,000,000","364,000,000","327,000,000","348,000,000","326,000,000","320,000,000","354,000,000","345,000,000","353,000,000","305,000,000","279,000,000","269,000,000","249,000,000","214,000,000"
NetIncomeFromContinuingOperationNetMinorityInterest,"975,000,000","220,000,000","455,000,000","-222,000,000","-703,000,000","766,000,000","769,000,000","389,000,000","206,000,000","124,000,000","344,000,000","207,000,000","88,000,000","113,000,000","62,000,000","-40,000,000","112,000,000","267,000,000"
TotalUnusualItemsExcludingGoodwill,"788,000,000","61,000,000","44,000,000","435,000,000","-129,000,000","863,000,000","669,000,000","259,000,000","26,000,000","6,000,000","292,000,000","146,000,000","9,000,000","-29,000,000","54,000,000","-31,000,000","-99,000,000","121,000,000"
TotalUnusualItems,"788,000,000","61,000,000","44,000,000","435,000,000","-129,000,000","863,000,000","669,000,000","259,000,000","26,000,000","6,000,000","292,000,000","146,000,000","9,000,000","-29,000,000","54,000,000","-31,000,000","-99,000,000","121,000,000"
NormalizedEBITDA,"902,000,000","833,000,000","930,000,000","109,000,000","-362,000,000","582,000,000","685,000,000","891,000,000","658,000,000","576,000,000","658,000,000","585,000,000","509,000,000","474,000,000","367,000,000","305,000,000","627,000,000","610,000,000"
TaxRateForCalcs,"0.124","0.289","0.21","0.27","0.268","0.239","0.029","0.4","0.27","0.362","0.341","0.362","0.083","0.35","0.35","0.157","0.35","0.35"
TaxEffectOfUnusualItems,"97,703,504.043","17,629,000","9,240,000","117,450,000","-34,572,000","206,257,000","19,401,000","103,600,000","7,020,000","2,172,000","99,572,000","52,852,000","747,000","-10,150,000","18,900,000","-4,862,745.098","-34,650,000","42,350,000"