name,ttm,01/31/2024,01/31/2023,01/31/2022,01/31/2021,01/31/2020,01/31/2019,01/31/2018,01/31/2017,01/31/2016,01/31/2015,01/31/2014,01/31/2013,01/31/2012,01/31/2011,01/31/2010,01/31/2009,01/31/2008,01/31/2007,01/31/2006,01/31/2005,01/31/2004
TotalRevenue,"9,989,290,000","9,619,278,000","8,110,518,000","6,256,617,000","4,401,879,000","3,979,296,000","3,288,319,000","2,649,181,000","2,344,392,000","2,060,523,000","1,797,213,000","1,591,188,000","1,370,358,000","1,000,839,000","711,704,000","452,898,000","353,488,212","269,942,362","147,964,195","84,129,093","40,748,376","18,188,000"
	OperatingRevenue,"9,989,290,000","9,619,278,000","8,110,518,000","6,256,617,000","4,401,879,000","3,979,296,000","3,288,319,000","2,649,181,000","2,344,392,000","2,060,523,000","1,797,213,000","1,591,188,000","1,370,358,000","1,000,839,000","711,704,000","452,898,000","353,488,212","269,942,362","147,964,195","84,129,093","40,748,376","18,188,000"
CostOfRevenue,"4,141,948,000","4,009,873,000","3,618,178,000","2,648,052,000","1,937,888,000","1,755,910,000","1,472,032,000","1,250,391,000","1,144,775,000","1,063,357,000","883,033,000","751,112,000","607,532,000","431,488,000","316,757,000","229,812,000","174,420,844","125,014,988","72,249,501","41,176,981",,"0"
GrossProfit,"5,847,342,000","5,609,405,000","4,492,340,000","3,608,565,000","2,463,991,000","2,223,386,000","1,816,287,000","1,398,790,000","1,199,617,000","997,166,000","914,180,000","840,076,000","762,826,000","569,351,000","394,947,000","223,086,000","179,067,368","144,927,374","75,714,694","42,952,112",,"18,188,000"
OperatingExpense,"3,547,968,000","3,402,228,000","2,766,199,000","2,233,816,000","1,614,163,000","1,334,276,000","1,110,451,000","904,264,000","778,465,000","628,090,000","538,147,000","448,718,000","386,387,000","282,393,000","214,556,000","136,161,000","122,503,202","93,376,167","59,491,046","39,225,404",,"17,427,000"
	SellingGeneralAndAdministration,"3,546,715,000","3,397,218,000","2,757,447,000","2,225,034,000","1,609,003,000","1,334,247,000","1,110,379,000","904,264,000","778,465,000","628,090,000","538,147,000","448,718,000","386,387,000","282,393,000","214,556,000","136,161,000","118,098,347","93,376,167","51,862,736","39,225,404",,"0"
	DepreciationAmortizationDepletionIncomeStatement,"1,253,000","5,010,000","8,752,000","8,782,000","5,160,000","29,000","72,000",,,,,,,,,,,,,,,
		DepreciationAndAmortizationInIncomeStatement,"1,253,000","5,010,000","8,752,000","8,782,000","5,160,000","29,000","72,000",,,,,,,,,,,,,,,
			Amortization,"1,253,000","5,010,000","8,752,000","8,782,000","5,160,000","29,000","72,000",,,,,,,,,,,,,,,
				AmortizationOfIntangiblesIncomeStatement,"1,253,000","5,010,000","8,752,000","8,782,000","5,160,000","29,000","72,000",,,,,,,,,,,,,,,
	OtherOperatingExpenses,,,,,,,,,,,,,,,,,"4,404,855",,"7,628,310",,,"17,427,000"
OperatingIncome,"2,299,374,000","2,207,177,000","1,726,141,000","1,374,749,000","849,828,000","889,110,000","705,836,000","494,526,000","421,152,000","369,076,000","376,033,000","391,358,000","376,439,000","286,958,000","180,391,000","86,925,000","56,564,166","51,551,207","16,223,648","3,726,708","40,748,376","761,000"
NetNonOperatingInterestIncomeExpense,,,,,,,,,,,,,,,,,,,,,,"4,000"
	TotalOtherFinanceCost,,,,,,,,,,,,,,,,,,,,,,"-4,000"
OtherIncomeExpense,"-5,552,000","-31,442,000","-393,570,000","-40,880,000","-30,478,000","8,283,000","9,414,000","-34,528,000","1,577,000","-581,000","7,102,000","5,768,000","4,957,000","2,500,000","2,886,000","-215,000","-3,583,443","1,029,118","-7,123,906",,,
	SpecialIncomeCharges,,"-74,501,000","-397,733,000","-41,394,000","-29,842,000","0","0","-38,525,000","0","0",,,,"0","1,114,000","-379,000","-3,583,443","1,029,118","-7,123,906",,,
		RestructuringAndMergernAcquisition,,"30,315,000","0","41,394,000","29,842,000","0","0","26,932,000","0","0",,,,,,,,,,,,
		ImpairmentOfCapitalAssets,,"44,186,000","407,913,000","0","0","0","0","11,593,000","0","0",,,,"0","1,772,000","379,000",,,,,,
		OtherSpecialCharges,,,,,,,,,,,,,,,"-2,886,000","-164,000",,,,,,
		GainOnSaleOfPPE,,"0","10,180,000","0","0",,,,,,,,,,,,,,,,,
	OtherNonOperatingIncomeExpenses,"68,949,000","43,059,000","4,163,000","514,000","-636,000","8,283,000","9,414,000","3,997,000","1,577,000","-581,000","7,102,000","5,768,000","4,957,000","2,500,000","2,886,000","164,000",,,,,,
PretaxIncome,"2,293,822,000","2,175,735,000","1,332,571,000","1,333,869,000","819,350,000","897,393,000","715,250,000","459,998,000","422,729,000","368,495,000","383,135,000","397,126,000","381,396,000","289,458,000","183,277,000","86,710,000","57,385,578","52,580,325","16,728,052","3,730,250",,"757,000"
TaxProvision,"661,297,000","625,545,000","477,771,000","358,547,000","230,437,000","251,797,000","231,449,000","201,336,000","119,348,000","102,448,000","144,102,000","117,579,000","109,965,000","104,494,000","61,080,000","28,429,000","16,883,986","20,464,444","8,751,675","2,336,146",,
NetIncomeCommonStockholders,"1,632,525,000","1,550,190,000","854,800,000","975,322,000","588,913,000","645,596,000","483,801,000","258,662,000","303,381,000","266,047,000","239,033,000","279,547,000","270,556,000","184,063,000","121,847,000","58,281,000","39,363,227","30,842,452","7,666,331","1,394,104","-1,411,032","319,000"
	NetIncome,"1,632,525,000","1,550,190,000","854,800,000","975,322,000","588,913,000","645,596,000","483,801,000","258,662,000","303,381,000","266,047,000","239,033,000","279,547,000","270,556,000","184,063,000","121,847,000","58,281,000","39,363,227","30,842,452","7,666,331","1,394,104","-1,411,032","319,000"
		NetIncomeIncludingNoncontrollingInterests,"1,632,525,000","1,550,190,000","854,800,000","975,322,000","588,913,000","645,596,000","483,801,000","258,662,000","303,381,000","266,047,000","239,033,000","279,547,000","271,431,000","184,964,000","122,197,000","58,281,000","39,363,227","30,842,452","7,666,331","1,394,104","-1,411,032","319,000"
			NetIncomeContinuousOperations,"1,632,525,000","1,550,190,000","854,800,000","975,322,000","588,913,000","645,596,000","483,801,000","258,662,000","303,381,000","266,047,000","239,033,000","279,547,000","271,431,000","184,964,000","122,197,000","58,281,000","40,501,592","32,115,881","7,976,377","1,394,104","-1,411,032","319,000"
			NetIncomeDiscontinuousOperations,,,,,,,,,,,,,,,"0","0","-1,138,365","-1,273,429","-310,046",,,
		MinorityInterests,,,,,,,,,,,"0","0","-875,000","-901,000","-350,000","0",,"334,220","111,865",,,
DilutedNIAvailtoComStockholders,"1,632,525,000","1,550,190,000","854,800,000","975,322,000","588,913,000","645,596,000","483,801,000","258,662,000","303,381,000","266,047,000","239,033,000","279,547,000","270,556,000","184,063,000","121,847,000","58,281,000","39,363,227","30,842,452","7,666,331","1,394,104","-1,411,032","319,000"
BasicEPS,"12.96","12.23","6.7","7.52","4.52","4.95","3.63","1.9","2.21","1.9","1.66","1.93","1.88","1.29","0.86","0.41","0.285","0.23","0.06","0.015","-0.016","0.005"
DilutedEPS,"12.93","12.2","6.68","7.49","4.5","4.93","3.61","1.9","2.21","1.89","1.66","1.91","1.85","1.27","0.85","0.41","0.275","0.225","0.06","0.015","-0.016","0.005"
BasicAverageShares,"125,851,000","126,726,000","127,666,000","129,768,000","130,289,000","130,393,000","133,413,000","135,988,000","137,086,000","140,365,000","143,935,000","144,913,000","144,000,000","143,196,000","141,720,000","140,502,000","137,421,492","132,860,044","130,313,250","89,549,332","89,549,332","67,690,788"
DilutedAverageShares,"126,139,000","127,060,000","128,017,000","130,295,000","130,871,000","130,955,000","133,971,000","136,198,000","137,302,000","140,610,000","144,298,000","146,043,000","145,806,000","145,278,000","143,858,000","141,898,000","141,884,848","138,595,756","130,607,678","89,549,332","89,549,332","67,690,788"
TotalOperatingIncomeAsReported,"2,224,873,000","2,132,676,000","1,328,408,000","1,333,355,000","819,986,000","889,110,000","705,836,000","456,001,000","421,152,000","369,076,000","376,033,000","391,358,000","376,439,000","286,958,000","180,391,000","86,546,000","56,564,166","51,551,207","16,223,648","3,726,708",,"761,000"
TotalExpenses,"7,689,916,000","7,412,101,000","6,384,377,000","4,881,868,000","3,552,051,000","3,090,186,000","2,582,483,000","2,154,655,000","1,923,240,000","1,691,447,000","1,421,180,000","1,199,830,000","993,919,000","713,881,000","531,313,000","365,973,000","296,924,046","218,391,155","131,740,547","80,402,385",,"17,427,000"
NetIncomeFromContinuingAndDiscontinuedOperation,"1,632,525,000","1,550,190,000","854,800,000","975,322,000","588,913,000","645,596,000","483,801,000","258,662,000","303,381,000","266,047,000","239,033,000","279,547,000","270,556,000","184,063,000","121,847,000","58,281,000","39,363,227","30,842,452","7,666,331","1,394,104","-1,411,032","319,000"
NormalizedIncome,"1,685,547,747.635","1,603,234,712","1,109,746,853","1,005,581,014","610,369,398","645,596,000","483,801,000","286,785,250","303,381,000","266,047,000","239,033,000","279,547,000","270,556,000","184,063,000","121,847,000","58,535,739.926","43,030,714.323","31,487,299.278","12,606,915.9","1,394,104","-1,411,032","319,000"
NetInterestIncome,,,,,,,,,,,,,,,,,,,,,,"4,000"
EBIT,"2,299,374,000","2,207,177,000","1,726,141,000","1,374,749,000","849,828,000","889,110,000","705,836,000","494,526,000","421,152,000","369,076,000","376,033,000","391,358,000","376,439,000","286,958,000","180,391,000","86,925,000","56,564,166","51,551,207","16,223,648","3,726,708","40,748,376","761,000"
EBITDA,"2,699,965,000","2,586,561,000","2,017,932,000","1,598,955,000","1,035,306,000","1,051,043,000","828,320,000","602,761,000","508,849,000","442,459,000","434,397,000","440,426,000","419,439,000","317,217,000","205,005,000","107,757,000","72,387,116","59,842,461","20,810,294","6,193,006","40,748,376","761,000"
ReconciledCostOfRevenue,"3,742,610,000","3,635,499,000","3,335,139,000","2,432,628,000","1,757,570,000","1,594,006,000","1,349,620,000","1,250,391,000","1,144,775,000","1,063,357,000","883,033,000","751,112,000","607,532,000","431,488,000","316,757,000","229,812,000","174,420,844","125,014,988","72,249,501","41,176,981",,"0"
ReconciledDepreciation,"400,591,000","379,384,000","291,791,000","224,206,000","185,478,000","161,933,000","122,484,000","108,235,000","87,697,000","73,383,000","58,364,000","49,068,000","43,000,000","30,259,000","24,614,000","20,832,000","15,822,950","8,291,254","4,586,646","2,466,298",,
NetIncomeFromContinuingOperationNetMinorityInterest,"1,632,525,000","1,550,190,000","854,800,000","975,322,000","588,913,000","645,596,000","483,801,000","258,662,000","303,381,000","266,047,000","239,033,000","279,547,000","270,556,000","184,063,000","121,847,000","58,281,000","40,501,592","32,115,881","7,976,377","1,394,104","-1,411,032","319,000"
TotalUnusualItemsExcludingGoodwill,"-74,501,000","-74,501,000","-397,733,000","-41,394,000","-29,842,000","0","0","-38,525,000","0","0",,,,"0","1,114,000","-379,000","-3,583,443","1,029,118","-7,123,906",,,
TotalUnusualItems,"-74,501,000","-74,501,000","-397,733,000","-41,394,000","-29,842,000","0","0","-38,525,000","0","0",,,,"0","1,114,000","-379,000","-3,583,443","1,029,118","-7,123,906",,,
NormalizedEBITDA,"2,774,466,000","2,661,062,000","2,415,665,000","1,640,349,000","1,065,148,000","1,051,043,000","828,320,000","641,286,000","508,849,000","442,459,000","434,397,000","440,426,000","419,439,000","317,217,000","205,005,000","108,136,000","75,970,559","58,813,343","27,934,200","6,193,006","40,748,376","761,000"
TaxRateForCalcs,"0.288","0.288","0.359","0.269","0.281","0.281","0.324","0.27","0.282","0.278","0.376","0.296","0.288","0.361","0.333","0.328","0.294","0.389","0.35","0.4","0.4","0.4"
TaxEffectOfUnusualItems,"-21,478,252.365","-21,456,288","-142,786,147","-11,134,986","-8,385,602","0","0","-10,401,750","0","0","0","0","0","0","0","-124,260.074","-1,054,320.677","400,536.278","-2,493,367.1","0","0","0"