name,ttm,01/31/2024,01/31/2023,01/31/2022,01/31/2021,01/31/2020,01/31/2019,01/31/2018,01/31/2017,01/31/2016,01/31/2015,01/31/2014,01/31/2013,01/31/2012,01/31/2011,01/31/2010,01/31/2009,01/31/2008,01/31/2007,01/31/2006,01/31/2005,01/31/2004,01/31/2003,01/31/2002,01/31/2001,01/31/2000,01/31/1999,01/31/1998,01/31/1997,01/31/1996,01/31/1995,01/31/1994,01/31/1993
TotalRevenue,"23,509,000,000","23,866,000,000","25,449,000,000","25,399,000,000","18,097,000,000","25,331,000,000","25,739,000,000","25,641,000,000","26,564,000,000","27,079,000,000","28,105,000,000","27,931,000,000","27,686,000,000","26,405,000,000","25,003,000,000","23,489,000,000","24,892,000,000","26,313,000,000","26,970,000,000","22,390,000,000","15,776,000,000","15,264,000,000","15,435,000,000","15,651,000,000","16,638,000,000","16,029,000,000","15,365,000,000","15,220,000,000","15,229,000,000","15,048,500,000","8,315,900,000","7,229,400,000","7,079,900,000"
	OperatingRevenue,"22,763,000,000","23,092,000,000","24,442,000,000","24,460,000,000","18,097,000,000","25,331,000,000","25,739,000,000","25,641,000,000","26,564,000,000","27,079,000,000","28,105,000,000","27,931,000,000","27,686,000,000","26,405,000,000","25,003,000,000","23,489,000,000","24,892,000,000","26,313,000,000","26,970,000,000","22,390,000,000","15,776,000,000","15,264,000,000","15,435,000,000","15,651,000,000","16,638,000,000","16,029,000,000","15,365,000,000","15,220,000,000","15,229,000,000","15,048,500,000","8,315,900,000","7,229,400,000","7,079,900,000"
CostOfRevenue,"13,863,000,000","14,143,000,000","15,306,000,000","14,956,000,000","12,286,000,000","15,171,000,000","15,215,000,000","15,181,000,000","15,666,000,000","16,496,000,000","16,863,000,000","16,725,000,000","16,538,000,000","15,738,000,000","14,824,000,000","13,973,000,000","15,009,000,000","15,677,000,000","16,197,000,000","13,297,000,000","9,382,000,000","9,099,000,000","9,255,000,000","9,531,000,000","9,955,000,000","9,576,000,000","8,587,000,000","8,590,000,000","8,794,000,000","8,798,000,000","4,804,600,000","4,117,100,000","3,962,700,000"
GrossProfit,"9,646,000,000","9,723,000,000","10,143,000,000","10,443,000,000","5,811,000,000","10,160,000,000","10,524,000,000","10,460,000,000","10,898,000,000","10,583,000,000","11,242,000,000","11,206,000,000","11,148,000,000","10,667,000,000","10,179,000,000","9,516,000,000","9,883,000,000","10,636,000,000","10,773,000,000","9,093,000,000","6,394,000,000","6,165,000,000","6,180,000,000","6,120,000,000","6,683,000,000","6,453,000,000","6,778,000,000","6,630,000,000","6,435,000,000","6,250,500,000","3,511,300,000","3,112,300,000","3,117,200,000"
OperatingExpense,"8,341,000,000","8,509,000,000","8,500,000,000","8,250,000,000","6,851,000,000","9,056,000,000","9,127,000,000","9,059,000,000","9,355,000,000","8,468,000,000","8,355,000,000","8,440,000,000","8,482,000,000","8,281,000,000","8,260,000,000","8,062,000,000","8,481,000,000","8,554,000,000","8,487,000,000","6,500,000,000","4,994,000,000","4,824,000,000","4,837,000,000","4,854,000,000","4,912,000,000","4,760,000,000","5,323,000,000","5,289,000,000","5,542,000,000","5,268,100,000","2,875,900,000","2,580,300,000","2,687,400,000"
	SellingGeneralAndAdministration,"8,341,000,000","8,509,000,000","8,500,000,000","8,250,000,000","6,851,000,000","9,056,000,000","9,127,000,000","9,059,000,000","9,355,000,000","8,468,000,000","8,355,000,000","8,440,000,000","8,482,000,000","8,281,000,000","8,260,000,000","8,062,000,000","8,481,000,000","8,554,000,000","8,678,000,000","6,980,000,000","4,994,000,000","4,824,000,000","4,837,000,000","4,801,000,000","4,912,000,000","4,760,000,000","4,692,000,000","4,679,000,000","4,982,000,000","4,748,300,000","2,549,100,000","2,323,500,000","2,420,700,000"
		GeneralAndAdministrativeExpense,"8,341,000,000","8,509,000,000","8,500,000,000","8,250,000,000","6,851,000,000","9,056,000,000","9,127,000,000","9,059,000,000","9,355,000,000","8,468,000,000","8,355,000,000","8,440,000,000","8,482,000,000","8,281,000,000","8,260,000,000","8,062,000,000",,,,,,,,,,,,,,,,,
			SalariesAndWages,"12,000,000","134,000,000","39,000,000","96,000,000","84,000,000","58,000,000","88,000,000","105,000,000","98,000,000","0","0",,,,,,,,,,,,,,,,,,,,,,
			OtherGandA,"8,329,000,000","8,375,000,000","8,461,000,000","8,154,000,000","6,767,000,000","8,998,000,000","9,039,000,000","8,954,000,000","9,257,000,000","8,468,000,000","8,355,000,000","8,440,000,000","8,482,000,000","8,281,000,000","8,260,000,000","8,062,000,000",,,,,,,,,,,,,,,,,
	DepreciationAmortizationDepletionIncomeStatement,,,,,,,,,,,,,,,,,,,,,,,,,"653,000,000","745,000,000","631,000,000","610,000,000","560,000,000","519,800,000","326,800,000","256,800,000","266,700,000"
		DepreciationAndAmortizationInIncomeStatement,,,,,,,,,,,,,,,,,,,,,,,,,"653,000,000","745,000,000","631,000,000","610,000,000","560,000,000","519,800,000","326,800,000","256,800,000","266,700,000"
	OtherOperatingExpenses,,,,,,,,,,,,,,,"25,000,000",,"5,780,000,000",,"-191,000,000","-480,000,000",,,,"53,000,000",,,,,,,,,
OperatingIncome,"1,305,000,000","1,214,000,000","1,643,000,000","2,193,000,000","-1,040,000,000","1,104,000,000","1,397,000,000","1,401,000,000","1,543,000,000","2,115,000,000","2,887,000,000","2,766,000,000","2,666,000,000","2,386,000,000","1,919,000,000","1,454,000,000","1,402,000,000","2,082,000,000","2,286,000,000","2,593,000,000","1,400,000,000","1,341,000,000","1,343,000,000","1,266,000,000","1,771,000,000","1,693,000,000","1,455,000,000","1,341,000,000","893,000,000","982,400,000","635,400,000","532,000,000","429,800,000"
NetNonOperatingInterestIncomeExpense,"-124,000,000","-135,000,000","-162,000,000","-256,000,000","-285,000,000","-185,000,000","-236,000,000","-310,000,000","-363,000,000","-361,000,000","-393,000,000","-388,000,000","-422,000,000","-443,000,000","-508,000,000","-556,000,000","-560,000,000",,,,,,,,,,,,,,,,
	InterestIncomeNonOperating,,,"15,000,000","3,000,000","8,000,000","25,000,000","32,000,000","20,000,000","26,000,000","23,000,000","14,000,000","17,000,000","22,000,000","27,000,000","36,000,000","39,000,000","28,000,000",,,,,,,,,,,,,,,,
	InterestExpenseNonOperating,"124,000,000","135,000,000","162,000,000","259,000,000","288,000,000","210,000,000","268,000,000","330,000,000","389,000,000","384,000,000","407,000,000","405,000,000","444,000,000","470,000,000","544,000,000","595,000,000","588,000,000",,,,,,,,,,,,,,,,
	TotalOtherFinanceCost,,,,"26,000,000","5,000,000","6,000,000","7,000,000","7,000,000","5,000,000","6,000,000","7,000,000","7,000,000","7,000,000","8,000,000","11,000,000","10,000,000",,,,,,,,,,,,,,,,,
OtherIncomeExpense,"-946,000,000","-955,000,000","37,000,000","-72,000,000","-3,465,000,000","-191,000,000","259,000,000","425,000,000","-215,000,000","-76,000,000","-104,000,000","-88,000,000","-142,000,000","25,000,000","-91,000,000","-391,000,000","-5,780,000,000","-219,000,000","-259,000,000","311,000,000",,,,"-215,000,000","-80,000,000",,"12,000,000","35,000,000","47,000,000","-272,400,000","-42,000,000","49,400,000","60,400,000"
	GainOnSaleOfSecurity,"83,000,000","61,000,000","89,000,000","91,000,000","60,000,000","162,000,000","389,000,000","544,000,000","209,000,000","212,000,000",,,,,,,,,,,,,,,,,,,,,,,
	SpecialIncomeCharges,"-1,040,000,000","-1,027,000,000","-72,000,000","-229,000,000","-3,579,000,000","-384,000,000","-169,000,000","-176,000,000","-479,000,000","-288,000,000","-104,000,000","-88,000,000","-142,000,000","25,000,000","-91,000,000","-391,000,000","-5,780,000,000","-219,000,000","-259,000,000","311,000,000",,,,"-215,000,000","-80,000,000",,"12,000,000","35,000,000","47,000,000","-272,400,000","-42,000,000","49,400,000","60,400,000"
		RestructuringAndMergernAcquisition,"68,000,000","55,000,000","5,000,000","3,000,000","224,000,000","123,000,000","80,000,000","186,000,000","479,000,000",,,,,,"0","276,000,000","187,000,000","219,000,000","450,000,000","169,000,000",,,,"162,000,000","80,000,000",,,,,,,,
		ImpairmentOfCapitalAssets,,,,,"3,280,000,000","197,000,000","64,000,000",,,,,,,,"0","115,000,000","5,593,000,000",,,,,,,,,,,,,,,,
		WriteOff,"985,000,000","972,000,000","36,000,000","27,000,000","75,000,000","231,000,000","-8,000,000","186,000,000","479,000,000","288,000,000","87,000,000","88,000,000","5,000,000","-25,000,000","25,000,000",,,,,,,,,,,,,,,,,,
		OtherSpecialCharges,,,"31,000,000","199,000,000",,"30,000,000","33,000,000","-10,000,000",,,"17,000,000",,"137,000,000",,"66,000,000",,,,"-191,000,000","-480,000,000",,,,"53,000,000",,,,,,,,,
		GainOnSaleOfPPE,"135,000,000",,,,"60,000,000","162,000,000","389,000,000","544,000,000","209,000,000","212,000,000",,,,"25,000,000",,"-391,000,000",,,,,,,,,,,,,,,,,
	OtherNonOperatingIncomeExpenses,"11,000,000","11,000,000","20,000,000","66,000,000","54,000,000","31,000,000","39,000,000","57,000,000","55,000,000",,,,,,,,,,,,,,,,,,,,,,,,
PretaxIncome,"235,000,000","124,000,000","1,518,000,000","1,866,000,000","-4,790,000,000","728,000,000","1,420,000,000","1,516,000,000","965,000,000","1,678,000,000","2,390,000,000","2,290,000,000","2,102,000,000","1,968,000,000","1,320,000,000","507,000,000","-4,938,000,000","1,320,000,000","1,446,000,000","2,044,000,000","1,116,000,000","1,084,000,000","1,048,000,000","780,000,000","1,370,000,000","1,386,000,000","1,163,000,000","958,000,000","441,000,000","201,900,000","331,300,000","367,800,000","232,000,000"
TaxProvision,"51,000,000","19,000,000","341,000,000","436,000,000","-846,000,000","164,000,000","322,000,000","-39,000,000","346,000,000","608,000,000","864,000,000","804,000,000","767,000,000","712,000,000","473,000,000","178,000,000","-135,000,000","411,000,000","458,000,000","671,000,000","427,000,000","391,000,000","410,000,000","262,000,000","549,000,000","561,000,000","478,000,000","383,000,000","175,000,000","127,300,000","143,700,000","171,000,000","99,300,000"
NetIncomeCommonStockholders,"184,000,000","105,000,000","1,177,000,000","1,430,000,000","-3,944,000,000","564,000,000","1,108,000,000","1,566,000,000","627,000,000","1,072,000,000","1,526,000,000","1,486,000,000","1,335,000,000","1,256,000,000","847,000,000","329,000,000","-4,803,000,000","893,000,000","995,000,000","1,406,000,000","689,000,000","693,000,000","818,000,000","-276,000,000","-184,000,000","795,000,000","662,000,000","536,000,000","266,000,000","74,600,000","187,600,000","193,300,000","113,000,000"
	NetIncome,"184,000,000","105,000,000","1,177,000,000","1,430,000,000","-3,944,000,000","564,000,000","1,108,000,000","1,566,000,000","627,000,000","1,072,000,000","1,526,000,000","1,486,000,000","1,335,000,000","1,256,000,000","847,000,000","329,000,000","-4,803,000,000","893,000,000","995,000,000","1,406,000,000","689,000,000","693,000,000","818,000,000","-276,000,000","-184,000,000","795,000,000","662,000,000","536,000,000","266,000,000","74,600,000","187,600,000","193,300,000","113,000,000"
		NetIncomeIncludingNoncontrollingInterests,"184,000,000","105,000,000","1,177,000,000","1,430,000,000","-3,944,000,000","564,000,000","1,098,000,000","1,555,000,000","619,000,000","1,070,000,000","1,526,000,000","1,486,000,000","1,335,000,000","1,256,000,000","847,000,000","329,000,000","-4,803,000,000","893,000,000","995,000,000","1,406,000,000","689,000,000","693,000,000","818,000,000","-276,000,000","-184,000,000","795,000,000","662,000,000","536,000,000","266,000,000","74,600,000","187,600,000","193,300,000","113,000,000"
			NetIncomeContinuousOperations,"184,000,000","105,000,000","1,177,000,000","1,430,000,000","-3,944,000,000","564,000,000","1,098,000,000","1,555,000,000","619,000,000","1,070,000,000","1,526,000,000","1,486,000,000","1,335,000,000","1,256,000,000","847,000,000","329,000,000","-4,803,000,000","909,000,000","988,000,000","1,373,000,000","689,000,000","693,000,000","638,000,000","518,000,000","821,000,000","825,000,000","685,000,000","575,000,000","266,000,000","74,600,000","187,600,000","196,800,000","132,700,000"
			NetIncomeDiscontinuousOperations,,,,,,,,,,,,,,,"0","0","0","-16,000,000","7,000,000","33,000,000",,,"180,000,000","-784,000,000","-1,005,000,000","-30,000,000",,,,,,,
			NetIncomeFromTaxLossCarryforward,,,,,,,,,,,,,,,,,,,,,,,,"-10,000,000",,,"-23,000,000","-39,000,000",,,,"-3,500,000","-19,700,000"
		MinorityInterests,,,,,"0","0","10,000,000","11,000,000","8,000,000","2,000,000","0",,,,,,,,,,,,,,,,,,,,,,
DilutedNIAvailtoComStockholders,"184,000,000","105,000,000","1,177,000,000","1,430,000,000","-3,944,000,000","564,000,000","1,108,000,000","1,566,000,000","627,000,000","1,072,000,000","1,526,000,000","1,486,000,000","1,335,000,000","1,256,000,000","847,000,000","329,000,000","-4,803,000,000","893,000,000","995,000,000","1,406,000,000","689,000,000","693,000,000","818,000,000","-276,000,000","-184,000,000","795,000,000","662,000,000","536,000,000","266,000,000","74,600,000","187,600,000","193,300,000","113,000,000"
BasicEPS,"0.66","0.38","4.28","4.66","-12.68","1.82","3.6","5.07","2.01","3.26","4.3","3.93","3.29","2.96","2","0.83","-11.4","2","1.84","3.3","1.97","1.88","2.075","-0.705","-0.45","1.89","1.58","1.28","0.64","0.195","0.705","0.765","0.505"
DilutedEPS,"0.65","0.38","4.19","4.55","-12.68","1.81","3.56","5.04","1.99","3.22","4.22","3.86","3.24","2.92","1.98","0.83","-11.4","1.97","1.81","3.24","1.93","1.855","2.06","-0.705","-0.45","1.81","1.48","1.205","0.62","0.195","0.7","0.75","0.505"
BasicAverageShares,"275,900,000","274,200,000","274,700,000","306,800,000","311,100,000","309,700,000","307,700,000","305,400,000","308,500,000","328,400,000","355,200,000","378,300,000","405,500,000","424,500,000","423,300,000","421,700,000","421,200,000","446,600,000","540,000,000","426,000,000","349,746,193","368,617,021","394,600,000","391,400,000","408,888,889","420,000,000","418,987,342","418,750,000","415,625,000","382,564,103","266,099,291","252,679,739","223,762,376"
DilutedAverageShares,"279,950,000","278,200,000","281,100,000","314,000,000","311,100,000","311,400,000","311,400,000","306,800,000","310,800,000","333,000,000","361,700,000","384,800,000","412,200,000","430,400,000","427,300,000","423,200,000","421,200,000","451,800,000","547,700,000","434,600,000","356,994,819","373,584,906","397,400,000","399,200,000","413,483,146","439,200,000","447,297,297","444,813,278","429,032,258","382,564,103","268,000,000","257,733,333","223,762,376"
TotalOperatingIncomeAsReported,"360,000,000","382,000,000","1,730,000,000","2,350,000,000","-4,475,000,000","970,000,000","1,738,000,000","1,864,000,000","1,371,000,000","2,039,000,000","2,800,000,000","2,678,000,000","2,661,000,000","2,411,000,000","1,894,000,000","1,063,000,000","-4,378,000,000","1,863,000,000","1,836,000,000","2,424,000,000","1,400,000,000","1,341,000,000","1,343,000,000","1,104,000,000","1,691,000,000","1,693,000,000","1,455,000,000","1,341,000,000","893,000,000","982,400,000","635,400,000","532,000,000","429,800,000"
TotalExpenses,"22,204,000,000","22,652,000,000","23,806,000,000","23,206,000,000","19,137,000,000","24,227,000,000","24,342,000,000","24,240,000,000","25,021,000,000","24,964,000,000","25,218,000,000","25,165,000,000","25,020,000,000","24,019,000,000","23,084,000,000","22,035,000,000","23,490,000,000","24,231,000,000","24,684,000,000","19,797,000,000","14,376,000,000","13,923,000,000","14,092,000,000","14,385,000,000","14,867,000,000","14,336,000,000","13,910,000,000","13,879,000,000","14,336,000,000","14,066,100,000","7,680,500,000","6,697,400,000","6,650,100,000"
NetIncomeFromContinuingAndDiscontinuedOperation,"184,000,000","105,000,000","1,177,000,000","1,430,000,000","-3,944,000,000","564,000,000","1,108,000,000","1,566,000,000","627,000,000","1,072,000,000","1,526,000,000","1,486,000,000","1,335,000,000","1,256,000,000","847,000,000","329,000,000","-4,803,000,000","893,000,000","995,000,000","1,406,000,000","689,000,000","693,000,000","818,000,000","-266,000,000","-184,000,000","795,000,000","685,000,000","575,000,000","266,000,000","74,600,000","187,600,000","196,800,000","132,700,000"
NormalizedIncome,"933,310,638.298","923,202,000","1,163,825,000","1,535,755,627.01","-1,046,518,580.376","735,989,010.989","937,887,323.944","1,297,360,000","800,070,000","1,120,488,000","1,592,352,000","1,543,112,000","1,425,170,000","1,240,050,000","905,422,000","582,725,838.264","818,980,558.931","1,059,811,363.636","1,164,965,421.853","1,164,094,422.701","689,000,000","693,000,000","638,000,000","660,782,051.282","869,000,000","825,000,000","677,800,000","553,992,693.111","237,650,793.651","238,040,000","212,800,000","167,160,000","96,460,000"
InterestIncome,,,"15,000,000","3,000,000","8,000,000","25,000,000","32,000,000","20,000,000","26,000,000","23,000,000","14,000,000","17,000,000","22,000,000","27,000,000","36,000,000","39,000,000","28,000,000",,,,,,,,,,,,,,,,
InterestExpense,"124,000,000","135,000,000","162,000,000","259,000,000","288,000,000","210,000,000","268,000,000","330,000,000","389,000,000","384,000,000","407,000,000","405,000,000","444,000,000","470,000,000","544,000,000","595,000,000","588,000,000",,,,,,,,,,,,,,,,
NetInterestIncome,"-124,000,000","-135,000,000","-162,000,000","-256,000,000","-285,000,000","-185,000,000","-236,000,000","-310,000,000","-363,000,000","-361,000,000","-393,000,000","-388,000,000","-422,000,000","-443,000,000","-508,000,000","-556,000,000","-560,000,000",,,,,,,,,,,,,,,,
EBIT,"359,000,000","259,000,000","1,680,000,000","2,125,000,000","-4,502,000,000","938,000,000","1,688,000,000","1,846,000,000","1,354,000,000","2,062,000,000","2,797,000,000","2,695,000,000","2,546,000,000","2,438,000,000","1,864,000,000","1,102,000,000","-4,350,000,000","2,082,000,000","2,286,000,000","2,593,000,000","1,400,000,000","1,341,000,000","1,343,000,000","1,266,000,000","1,771,000,000","1,693,000,000","1,455,000,000","1,341,000,000","893,000,000","982,400,000","635,400,000","532,000,000","429,800,000"
EBITDA,"1,252,000,000","1,156,000,000","2,537,000,000","2,999,000,000","-3,543,000,000","1,919,000,000","2,650,000,000","2,837,000,000","2,412,000,000","3,123,000,000","3,833,000,000","3,715,000,000","3,595,000,000","3,523,000,000","3,014,000,000","2,312,000,000","-3,072,000,000","3,355,000,000","3,502,000,000","3,549,000,000","2,140,000,000","2,054,000,000","2,028,000,000","1,962,000,000","2,428,000,000","2,364,000,000","2,086,000,000","1,951,000,000","1,453,000,000","1,502,200,000","962,200,000","788,800,000","696,500,000"
ReconciledCostOfRevenue,"13,863,000,000","14,143,000,000","15,306,000,000","14,956,000,000","12,286,000,000","15,171,000,000","15,215,000,000","15,181,000,000","15,666,000,000","16,496,000,000","16,863,000,000","16,725,000,000","16,538,000,000","15,738,000,000","14,824,000,000","13,973,000,000","15,009,000,000","15,677,000,000","16,197,000,000","13,297,000,000","9,382,000,000","9,099,000,000","9,255,000,000","9,531,000,000","9,955,000,000","9,576,000,000","8,587,000,000","8,590,000,000","8,794,000,000","8,798,000,000","4,804,600,000","4,117,100,000","3,962,700,000"
ReconciledDepreciation,"893,000,000","897,000,000","857,000,000","874,000,000","959,000,000","981,000,000","962,000,000","991,000,000","1,058,000,000","1,061,000,000","1,036,000,000","1,020,000,000","1,049,000,000","1,085,000,000","1,150,000,000","1,210,000,000","1,278,000,000","1,273,000,000","1,216,000,000","956,000,000","740,000,000","713,000,000","685,000,000","696,000,000","657,000,000","671,000,000","631,000,000","610,000,000","560,000,000","519,800,000","326,800,000","256,800,000","266,700,000"
NetIncomeFromContinuingOperationNetMinorityInterest,"184,000,000","105,000,000","1,177,000,000","1,430,000,000","-3,944,000,000","564,000,000","1,108,000,000","1,566,000,000","627,000,000","1,072,000,000","1,526,000,000","1,486,000,000","1,335,000,000","1,256,000,000","847,000,000","329,000,000","-4,803,000,000","909,000,000","988,000,000","1,373,000,000","689,000,000","693,000,000","638,000,000","518,000,000","821,000,000","825,000,000","685,000,000","575,000,000","266,000,000","74,600,000","187,600,000","196,800,000","132,700,000"
TotalUnusualItemsExcludingGoodwill,"-957,000,000","-966,000,000","17,000,000","-138,000,000","-3,519,000,000","-222,000,000","220,000,000","368,000,000","-270,000,000","-76,000,000","-104,000,000","-88,000,000","-142,000,000","25,000,000","-91,000,000","-391,000,000","-5,780,000,000","-219,000,000","-259,000,000","311,000,000",,,,"-215,000,000","-80,000,000",,"12,000,000","35,000,000","47,000,000","-272,400,000","-42,000,000","49,400,000","60,400,000"
TotalUnusualItems,"-957,000,000","-966,000,000","17,000,000","-138,000,000","-3,519,000,000","-222,000,000","220,000,000","368,000,000","-270,000,000","-76,000,000","-104,000,000","-88,000,000","-142,000,000","25,000,000","-91,000,000","-391,000,000","-5,780,000,000","-219,000,000","-259,000,000","311,000,000",,,,"-215,000,000","-80,000,000",,"12,000,000","35,000,000","47,000,000","-272,400,000","-42,000,000","49,400,000","60,400,000"
NormalizedEBITDA,"2,209,000,000","2,122,000,000","2,520,000,000","3,137,000,000","-24,000,000","2,141,000,000","2,430,000,000","2,469,000,000","2,682,000,000","3,199,000,000","3,937,000,000","3,803,000,000","3,737,000,000","3,498,000,000","3,105,000,000","2,703,000,000","2,708,000,000","3,574,000,000","3,761,000,000","3,238,000,000","2,140,000,000","2,054,000,000","2,028,000,000","2,177,000,000","2,508,000,000","2,364,000,000","2,074,000,000","1,916,000,000","1,406,000,000","1,774,600,000","1,004,200,000","739,400,000","636,100,000"
TaxRateForCalcs,"0.217","0.153","0.225","0.234","0.177","0.225","0.227","0.27","0.359","0.362","0.362","0.351","0.365","0.362","0.358","0.351","0.027","0.311","0.317","0.328","0.383","0.361","0.391","0.336","0.4","0.4","0.4","0.4","0.397","0.4","0.4","0.4","0.4"
TaxEffectOfUnusualItems,"-207,689,361.702","-147,798,000","3,825,000","-32,244,372.99","-621,518,580.376","-50,010,989.011","49,887,323.944","99,360,000","-96,930,000","-27,512,000","-37,648,000","-30,888,000","-51,830,000","9,050,000","-32,578,000","-137,274,161.736","-158,019,441.069","-68,188,636.364","-82,034,578.147","102,094,422.701","0","0","0","-72,217,948.718","-32,000,000","0","4,800,000","13,992,693.111","18,650,793.651","-108,960,000","-16,800,000","19,760,000","24,160,000"