name,ttm,12/31/2023,12/31/2022,12/31/2021,12/31/2020,12/31/2019,12/31/2018,12/31/2017,12/31/2016,12/31/2015,12/31/2014,12/31/2013,12/31/2012,12/31/2011,12/31/2010,12/31/2009,12/31/2008,12/31/2007,12/31/2006,12/31/2005,12/31/2004,12/31/2003,12/31/2002,12/31/2001,12/31/2000,12/31/1999,12/31/1998,12/31/1997,12/31/1996,12/31/1995,12/31/1994,12/31/1993,12/31/1992,12/31/1991,12/31/1990,12/31/1989,12/31/1988,12/31/1987,12/31/1986,12/31/1985
TotalRevenue,"5,428,713,000","5,441,219,000","5,434,687,000","5,457,741,000","4,588,433,000","4,504,571,000","4,514,810,000","4,881,493,000","5,453,150,000","5,702,613,000","6,023,819,000","6,484,892,000","6,420,881,000","6,266,037,000","5,856,195,000","5,430,846,000","5,918,002,000","5,970,090,000","5,650,156,000","5,179,016,000","5,102,786,000","4,960,100,000","4,885,340,000","4,687,924,000","4,565,489,000","4,595,490,000","4,698,337,000","5,455,500,000","4,535,300,000","4,369,800,000","3,205,000,000","2,704,400,000","1,847,900,000","1,621,700,000","1,470,600,000","1,237,000,000","990,000,000","1,020,100,000","1,058,700,000","1,050,900,000"
	OperatingRevenue,"5,428,713,000","5,441,219,000","5,434,687,000","5,457,741,000","4,588,433,000","4,504,571,000","4,514,810,000","4,881,493,000","5,453,150,000","5,702,613,000","6,023,819,000","6,484,892,000","6,420,881,000","6,266,037,000","5,856,195,000","5,430,846,000","5,918,002,000","5,970,090,000","5,650,156,000","5,179,016,000","5,102,786,000","4,960,100,000","4,885,340,000","4,687,924,000","4,565,489,000","4,595,490,000","4,698,337,000","5,455,500,000","4,535,300,000","4,369,800,000","3,205,000,000","2,704,400,000","1,847,900,000","1,621,700,000","1,470,600,000","1,237,000,000","990,000,000","1,020,100,000","1,058,700,000","1,050,900,000"
CostOfRevenue,"2,740,984,000","2,857,503,000","2,953,335,000","2,831,079,000","2,345,330,000","2,527,230,000","2,716,127,000","3,056,922,000","2,906,459,000","2,896,255,000","3,022,797,000","3,006,009,000","3,011,684,000","3,120,211,000","2,901,222,000","2,716,149,000","3,233,596,000","3,192,790,000","3,038,363,000","2,806,148,000","2,692,061,000","2,530,617,000","2,524,353,000","2,538,990,000","2,572,247,000","2,167,459,000","2,174,187,000","2,469,100,000","2,134,300,000","2,132,100,000","1,479,200,000","1,251,500,000","858,800,000","767,000,000","719,100,000","579,800,000","475,500,000","544,100,000","533,600,000","512,200,000"
GrossProfit,"2,687,729,000","2,583,716,000","2,481,352,000","2,626,662,000","2,243,103,000","1,977,341,000","1,798,683,000","1,824,571,000","2,546,691,000","2,806,358,000","3,001,022,000","3,478,883,000","3,409,197,000","3,145,826,000","2,954,973,000","2,714,697,000","2,684,406,000","2,777,300,000","2,611,793,000","2,372,868,000","2,410,725,000","2,429,483,000","2,360,987,000","2,148,934,000","1,993,242,000","2,428,031,000","2,524,150,000","2,986,400,000","2,401,000,000","2,237,700,000","1,725,800,000","1,452,900,000","989,100,000","854,700,000","751,500,000","657,200,000","514,500,000","476,000,000","525,100,000","538,700,000"
OperatingExpense,"2,026,118,000","2,022,057,000","1,805,837,000","1,897,100,000","1,868,367,000","1,940,239,000","2,033,032,000","2,160,269,000","2,026,716,000","2,265,436,000","2,347,308,000","2,310,780,000","2,388,182,000","2,104,725,000","2,053,071,000","1,983,529,000","2,142,614,000","2,047,222,000","1,882,975,000","1,708,339,000","1,679,908,000","1,639,004,000","1,602,846,000","1,553,914,000","1,606,718,000","1,798,484,000","1,863,294,000","2,513,500,000","1,732,500,000","1,623,100,000","1,276,700,000","1,153,700,000","727,800,000","617,000,000","568,800,000","494,100,000","414,800,000","498,200,000","437,500,000","401,800,000"
	SellingGeneralAndAdministration,"2,026,118,000","2,022,057,000","1,805,837,000","1,897,100,000","1,868,367,000","1,940,239,000","2,033,032,000","2,160,269,000","2,026,716,000","2,265,436,000","2,347,308,000","2,310,780,000","2,388,182,000","2,104,725,000","2,053,071,000","1,983,529,000","2,142,614,000","2,047,222,000","1,882,975,000","1,708,339,000","1,679,908,000","1,639,004,000","1,602,845,000","1,507,793,000","1,560,157,000","1,552,474,000","1,648,939,000","1,859,500,000","1,551,200,000","1,453,100,000","1,152,400,000","1,061,700,000","664,200,000","559,300,000","518,500,000","451,400,000","379,600,000","482,300,000","427,100,000","393,000,000"
		GeneralAndAdministrativeExpense,"1,522,245,000","1,497,271,000","1,271,582,000","1,351,426,000","1,342,564,000","1,390,022,000","1,508,744,000","1,517,983,000","1,391,769,000","1,547,584,000","1,614,065,000","1,560,575,000","1,670,379,000","1,405,478,000","1,405,801,000","1,373,776,000","1,423,455,000","1,338,454,000","1,232,000,000","1,079,224,000","1,036,941,000","1,002,899,000","1,050,344,000","964,239,000","981,823,000",,,,,,,,,,,,,,,
			OtherGandA,"1,522,245,000","1,497,271,000","1,271,582,000","1,351,426,000","1,342,564,000","1,390,022,000","1,508,744,000","1,517,983,000","1,391,769,000","1,547,584,000","1,614,065,000","1,560,575,000","1,670,379,000","1,405,478,000","1,405,801,000","1,373,776,000","1,423,455,000","1,338,454,000","1,232,000,000","1,079,224,000","1,036,941,000","1,002,899,000","1,050,344,000","964,239,000","981,823,000",,,,,,,,,,,,,,,
		SellingAndMarketingExpense,"503,873,000","524,786,000","534,255,000","545,674,000","525,803,000","550,217,000","524,288,000","642,286,000","634,947,000","717,852,000","733,243,000","750,205,000","717,803,000","699,247,000","647,270,000","609,753,000","719,159,000","708,768,000","650,975,000","629,115,000","642,967,000","636,105,000","552,501,000","543,554,000","578,334,000",,,,,,,,,,,,,,,
	DepreciationAmortizationDepletionIncomeStatement,,,,,,,,,,,,,,,,,,,,,,,,"46,121,000","46,561,000","246,010,000","214,355,000","654,000,000","181,300,000","170,000,000","124,300,000","92,000,000","63,600,000","57,700,000","50,300,000","42,700,000","35,200,000","15,900,000","10,400,000","8,800,000"
		DepreciationAndAmortizationInIncomeStatement,,,,,,,,,,,,,,,,,,,,,,,,"46,121,000","46,561,000","246,010,000","214,355,000","654,000,000","181,300,000","170,000,000","124,300,000","92,000,000","63,600,000","57,700,000","50,300,000","42,700,000","35,200,000","15,900,000","10,400,000","8,800,000"
			Amortization,,,,,,,,,,,,,,,,,,,,,,,,"46,121,000","46,561,000",,,,,,,,,,,,,,,
				AmortizationOfIntangiblesIncomeStatement,,,,,,,,,,,,,,,,,,,,,,,,"46,121,000","46,561,000",,,,,,,,,,,,,,,
	OtherOperatingExpenses,,,,,,,,,,,,,,,,,,,,,,,"1,000",,,,,,,,,,,,,,,,,
OperatingIncome,"661,611,000","561,659,000","675,515,000","729,562,000","374,736,000","37,102,000","-234,349,000","-335,698,000","519,975,000","540,922,000","653,714,000","1,168,103,000","1,021,015,000","1,041,101,000","901,902,000","731,168,000","541,792,000","730,078,000","728,818,000","664,529,000","730,817,000","790,479,000","758,141,000","595,020,000","386,524,000","629,547,000","660,856,000","472,900,000","668,500,000","614,600,000","449,100,000","299,200,000","261,300,000","237,700,000","182,700,000","163,100,000","99,700,000","-22,200,000","87,600,000","136,900,000"
NetNonOperatingInterestIncomeExpense,"-77,982,000","-98,548,000","-123,420,000","-250,434,000","-194,387,000","-194,878,000","-175,423,000","-97,437,000","-85,974,000","-78,040,000","-71,889,000","-72,950,000","-81,994,000","-67,239,000","-56,405,000","-63,760,000","-56,901,000",,,,,,,,,,,,,,,,,,,,,,,
	InterestIncomeNonOperating,"44,078,000","25,238,000","9,398,000","3,503,000","3,945,000","6,166,000","6,463,000","7,777,000","9,144,000","7,230,000","7,382,000","5,555,000","6,841,000","8,093,000","8,434,000","8,083,000","25,043,000",,,,,,,,,,,,,,,,,,,,,,,
	InterestExpenseNonOperating,"122,060,000","123,786,000","132,818,000","253,937,000","198,332,000","201,044,000","181,886,000","105,214,000","95,118,000","85,270,000","79,271,000","78,505,000","88,835,000","75,332,000","64,839,000","71,843,000","81,944,000",,,,,,,,,,,,,,,,,,,,,,,
OtherIncomeExpense,"-13,014,000","2,293,000","-47,760,000","-8,364,000","-2,692,000","-1,879,000","-5,107,000","-68,110,000","-31,959,000","1,033,000","5,085,000","3,975,000","6,024,000","-3,189,000","1,328,000","-7,361,000","3,073,000","10,989,000","4,323,000","29,799,000","23,518,000","11,986,000","-40,471,000","-25,359,000","-19,126,000","-327,774,000","-90,577,000","-359,100,000","-31,500,000","-7,000,000",,,"9,700,000","4,800,000","3,900,000","-5,100,000","13,000,000","23,300,000","7,200,000","14,600,000"
	SpecialIncomeCharges,,,,,,,,,,,,,,"-3,189,000","1,328,000","-7,361,000","3,073,000","10,989,000","4,323,000","29,799,000","23,518,000","11,986,000","-40,471,000","-25,359,000","-19,126,000","-327,774,000","-90,577,000","-359,100,000","-31,500,000","-7,000,000",,,"9,700,000","4,800,000","3,900,000","-5,100,000","13,000,000","23,300,000","7,200,000","14,600,000"
		RestructuringAndMergernAcquisition,,,,,,,,,,,,,,,,,,,,,,"4,769,000","24,600,000","15,700,000","15,900,000",,,,,,,,,,,,,,,
		OtherSpecialCharges,,,,,,,,,,,,,,,,,,,,,,"-16,755,000","15,871,000","9,659,000","3,226,000",,,,,,,,,,,,,,,
	OtherNonOperatingIncomeExpenses,"-13,014,000","2,293,000","-47,760,000","-8,364,000","-2,692,000","-1,879,000","-5,107,000","-68,110,000","-31,959,000","1,033,000","5,085,000","3,975,000","6,024,000","-3,189,000","1,328,000",,,,,,,,,,,,,,,,,,,,,,,,,
PretaxIncome,"570,615,000","465,404,000","504,335,000","470,764,000","177,657,000","-159,655,000","-414,879,000","-501,245,000","402,042,000","463,915,000","586,910,000","1,099,128,000","945,045,000","970,673,000","846,825,000","660,047,000","487,964,000","703,398,000","683,756,000","652,049,000","696,254,000","740,854,000","621,497,000","430,010,000","225,424,000","170,164,000","459,446,000","1,200,000","536,700,000","504,700,000","393,600,000","236,600,000","215,900,000","188,900,000","139,200,000","108,000,000","57,500,000","-64,300,000","38,300,000","107,500,000"
TaxProvision,"270,456,000","269,475,000","135,851,000","-420,381,000","65,549,000","58,324,000","116,196,000","553,334,000","89,134,000","94,499,000","88,036,000","195,184,000","168,581,000","202,165,000","161,962,000","131,343,000","108,328,000","103,405,000","90,829,000","235,030,000","123,531,000","203,222,000","166,455,000","119,090,000","55,247,000","61,777,000","131,193,000","179,300,000","164,500,000","166,800,000","137,800,000","100,700,000","72,000,000","70,800,000","48,000,000","28,400,000","21,600,000","28,200,000","39,300,000","49,400,000"
EarningsFromEquityInterestNetOfTax,"22,057,000","18,423,000","25,429,000","11,842,000","11,471,000","-771,000","-2,224,000",,,,,,,,,,,,,,,,,,,,,,,,,,,,,,,,,
NetIncomeCommonStockholders,"322,216,000","214,352,000","393,913,000","902,987,000","123,579,000","-218,750,000","-533,299,000","-1,054,579,000","311,531,000","366,237,000","494,846,000","895,609,000","768,734,000","759,687,000","676,951,000","528,704,000","379,636,000","599,993,000","592,927,000","417,019,000","572,723,000","537,632,000","230,101,000","298,919,000","-430,969,000","-86,373,000","198,093,000","-193,200,000","364,800,000","334,600,000","251,100,000","112,300,000","138,900,000","118,100,000","91,200,000","79,600,000","35,900,000","-93,900,000","-7,400,000","48,000,000"
	NetIncome,"322,216,000","214,352,000","393,913,000","902,987,000","123,579,000","-218,750,000","-533,299,000","-1,054,579,000","312,908,000","369,416,000","498,874,000","903,944,000","776,464,000","768,508,000","684,863,000","528,704,000","379,636,000","599,993,000","592,927,000","417,019,000","572,723,000","537,632,000","230,101,000","298,919,000","-430,969,000","-82,373,000","206,053,000","-182,700,000","372,200,000","337,900,000","255,800,000","117,200,000","143,900,000","118,100,000","91,200,000","79,600,000","35,900,000","-92,500,000","-1,000,000","58,100,000"
		NetIncomeIncludingNoncontrollingInterests,"322,216,000","214,352,000","393,913,000","902,987,000","123,579,000","-218,750,000","-533,299,000","-1,054,579,000","312,908,000","369,416,000","498,874,000","903,944,000","776,464,000","768,508,000","684,863,000","528,704,000","379,636,000","599,993,000","592,927,000","417,019,000","572,723,000","537,632,000","230,101,000","298,919,000","-430,969,000","-82,373,000","206,053,000","-182,700,000","372,200,000","337,900,000","255,800,000","117,200,000","143,900,000","118,100,000","91,200,000","79,600,000","35,900,000","-92,500,000","-1,000,000","58,100,000"
			NetIncomeContinuousOperations,"322,216,000","214,352,000","393,913,000","902,987,000","123,579,000","-218,750,000","-533,299,000","-1,054,579,000","312,908,000","369,416,000","498,874,000","903,944,000","776,464,000","768,508,000","684,863,000","528,704,000","379,636,000","599,993,000","592,927,000","417,019,000","572,723,000","537,632,000","455,042,000","310,920,000","170,177,000","108,387,000","328,253,000","-178,100,000","372,200,000","337,900,000","255,800,000","135,900,000","143,900,000","118,100,000","91,200,000","79,600,000","35,900,000","-92,500,000","-1,000,000","58,100,000"
			NetIncomeDiscontinuousOperations,,,,,,,,,,,,,,,,,,,,,,,"27,253,000",,"-601,146,000","-190,760,000","-122,200,000",,,,,,,,,,,,,
			NetIncomeExtraordinary,,,,,,,,,,,,,,,,,,,,,,,"-252,194,000","-12,001,000",,,,,,,,"-4,000,000",,,,,,,,
			NetIncomeFromTaxLossCarryforward,,,,,,,,,,,,,,,,,,,,,,,,,,,,"-4,600,000",,,,"-14,700,000",,,,,,,,
	PreferredStockDividends,,,,,,,,,,,,,,,,,,,,,,,,,,"4,000,000","7,960,000","10,500,000","7,400,000","3,300,000","4,700,000","4,900,000","5,000,000",,,,,"1,400,000","6,400,000","10,100,000"
	OtherunderPreferredStockDividend,,,,,,,"0","0","1,377,000","3,179,000","4,028,000","8,335,000","7,730,000","8,821,000","7,912,000",,,,,,,,,,,,,,,,,,,,,,,,,
AverageDilutionEarnings,,,,,,,"0","0","0","0","0","44,000","48,000","56,000","49,000",,,,,,,,,,,,,,,,,,,,,,,,,
DilutedNIAvailtoComStockholders,"322,216,000","214,352,000","393,913,000","902,987,000","123,579,000","-218,750,000","-533,299,000","-1,054,579,000","311,531,000","366,237,000","494,846,000","895,653,000","768,782,000","759,743,000","677,000,000","528,704,000","379,636,000","599,993,000","592,927,000","417,019,000","572,723,000","537,632,000","230,101,000","298,919,000","-430,969,000","-86,373,000","198,093,000","-193,200,000","364,800,000","334,600,000","251,100,000","112,300,000","138,900,000","118,100,000","91,200,000","79,600,000","35,900,000","-93,900,000","-7,400,000","48,000,000"
BasicEPS,"0.91","0.61","1.11","2.58","0.36","-0.62","-1.54","-3.07","0.93","1.08","1.46","2.61","2.25","2.2","1.88","1.45","1.05","1.56","1.55","1.02","1.37","1.23","0.52","0.69","-1.01","-0.21","0.51","-0.52","1.26","1.13","0.896","0.42","0.73","0.63","0.5","0.43","0.21","-0.62","-0.06","0.27"
DilutedEPS,"0.9","0.6","1.1","2.53","0.36","-0.62","-1.54","-3.07","0.92","1.08","1.45","2.58","2.22","2.18","1.86","1.45","1.05","1.54","1.53","1.01","1.35","1.22","0.52","0.68","-1.01","-0.21","0.47","-0.52","1.23","1.11","0.888","0.41","0.7","0.62","0.5","0.43","0.21","-0.62","-0.06","0.27"
BasicAverageShares,"348,491,500","353,600,000","353,800,000","350,000,000","347,500,000","346,100,000","345,000,000","343,600,000","341,500,000","339,200,000","339,000,000","343,400,000","341,700,000","344,700,000","360,600,000","360,100,000","360,800,000","384,450,000","382,921,000","407,402,000","419,235,000","437,020,000","435,790,000","430,983,000","426,701,980","414,186,000","388,417,647","371,538,462","289,523,810","296,106,195","279,923,750","267,380,952","190,273,973","187,460,317","182,400,000","185,116,279","170,952,381","151,451,613","123,333,333","129,635,000"
DilutedAverageShares,"353,417,500","357,100,000","359,600,000","357,300,000","349,100,000","346,100,000","345,000,000","343,600,000","344,200,000","339,700,000","340,800,000","347,500,000","346,200,000","348,400,000","364,600,000","361,500,000","363,200,000","390,612,000","386,422,000","411,039,000","423,093,000","442,231,000","441,292,000","436,166,000","426,701,980","425,281,000","388,417,647","371,538,462","296,585,366","301,441,441","283,757,500","273,902,439","198,428,571","190,483,871","182,400,000","185,116,279","170,952,381","151,451,613","123,333,333","129,635,000"
TotalOperatingIncomeAsReported,"661,611,000","561,659,000","675,515,000","729,562,000","374,736,000","37,102,000","-234,349,000","-335,698,000","519,975,000","540,922,000","653,714,000","1,168,103,000","1,021,015,000","1,041,101,000","901,902,000","731,168,000","541,792,000","730,078,000","728,818,000","664,529,000","730,817,000","785,710,000","733,541,000","579,320,000","370,624,000","629,547,000","660,856,000","472,900,000","668,500,000","614,600,000","449,100,000","299,200,000","261,300,000","237,700,000","182,700,000","163,100,000","99,700,000","-22,200,000","87,600,000","136,900,000"
TotalExpenses,"4,767,102,000","4,879,560,000","4,759,172,000","4,728,179,000","4,213,697,000","4,467,469,000","4,749,159,000","5,217,191,000","4,933,175,000","5,161,691,000","5,370,105,000","5,316,789,000","5,399,866,000","5,224,936,000","4,954,293,000","4,699,678,000","5,376,210,000","5,240,012,000","4,921,338,000","4,514,487,000","4,371,969,000","4,169,621,000","4,127,199,000","4,092,904,000","4,178,965,000","3,965,943,000","4,037,481,000","4,982,600,000","3,866,800,000","3,755,200,000","2,755,900,000","2,405,200,000","1,586,600,000","1,384,000,000","1,287,900,000","1,073,900,000","890,300,000","1,042,300,000","971,100,000","914,000,000"
NetIncomeFromContinuingAndDiscontinuedOperation,"322,216,000","214,352,000","393,913,000","902,987,000","123,579,000","-218,750,000","-533,299,000","-1,054,579,000","312,908,000","369,416,000","498,874,000","903,944,000","776,464,000","768,508,000","684,863,000","528,704,000","379,636,000","599,993,000","592,927,000","417,019,000","572,723,000","537,632,000","482,295,000","310,920,000","-430,969,000","-82,373,000","206,053,000","-178,100,000","372,200,000","337,900,000","255,800,000","135,900,000","143,900,000","118,100,000","91,200,000","79,600,000","35,900,000","-92,500,000","-1,000,000","58,100,000"
NormalizedIncome,"322,216,000","214,352,000","393,913,000","902,987,000","123,579,000","-218,750,000","-533,299,000","-1,054,579,000","312,908,000","369,416,000","498,874,000","903,944,000","776,464,000","768,508,000","684,863,000","534,600,231.85","377,245,205.95","590,619,468.831","589,178,260.068","397,961,001.014","553,377,618.122","528,933,852.792","484,673,687.332","329,255,899.816","184,615,592.617","317,164,652.958","392,966,093.554","37,360,000","394,045,164.897","342,586,546.463","255,800,000","135,900,000","137,434,830.94","115,099,047.115","88,644,827.586","83,358,888.889","27,783,478.261","-106,480,000","-5,320,000","49,340,000"
InterestIncome,"44,078,000","25,238,000","9,398,000","3,503,000","3,945,000","6,166,000","6,463,000","7,777,000","9,144,000","7,230,000","7,382,000","5,555,000","6,841,000","8,093,000","8,434,000","8,083,000","25,043,000",,,,,,,,,,,,,,,,,,,,,,,
InterestExpense,"122,060,000","123,786,000","132,818,000","253,937,000","198,332,000","201,044,000","181,886,000","105,214,000","95,118,000","85,270,000","79,271,000","78,505,000","88,835,000","75,332,000","64,839,000","71,843,000","81,944,000",,,,,,,,,,,,,,,,,,,,,,,
NetInterestIncome,"-77,982,000","-98,548,000","-123,420,000","-250,434,000","-194,387,000","-194,878,000","-175,423,000","-97,437,000","-85,974,000","-78,040,000","-71,889,000","-72,950,000","-81,994,000","-67,239,000","-56,405,000","-63,760,000","-56,901,000",,,,,,,,,,,,,,,,,,,,,,,
EBIT,"692,675,000","589,190,000","637,153,000","724,701,000","375,989,000","41,389,000","-232,993,000","-396,031,000","497,160,000","549,185,000","666,181,000","1,177,633,000","1,033,880,000","1,046,005,000","911,664,000","731,890,000","569,908,000","730,078,000","728,818,000","664,529,000","730,817,000","790,479,000","758,141,000","595,020,000","386,524,000","629,547,000","660,856,000","472,900,000","668,500,000","614,600,000","449,100,000","299,200,000","261,300,000","237,700,000","182,700,000","163,100,000","99,700,000","-22,200,000","87,600,000","136,900,000"
EBITDA,"867,299,000","766,534,000","819,332,000","909,014,000","569,440,000","285,907,000","38,939,000","-121,264,000","759,500,000","814,612,000","914,882,000","1,374,026,000","1,208,162,000","1,207,303,000","1,077,472,000","901,720,000","742,003,000","902,158,000","901,082,000","839,520,000","913,295,000","974,298,000","950,069,000","857,528,000","642,913,000","875,557,000","875,211,000","1,126,900,000","849,800,000","784,600,000","573,400,000","391,200,000","324,900,000","295,400,000","233,000,000","205,800,000","134,900,000","-6,300,000","98,000,000","145,700,000"
ReconciledCostOfRevenue,"2,740,984,000","2,857,503,000","2,953,335,000","2,831,079,000","2,345,330,000","2,527,230,000","2,716,127,000","3,056,922,000","2,906,459,000","2,896,255,000","3,022,797,000","3,006,009,000","3,011,684,000","3,120,211,000","2,901,222,000","2,716,149,000","3,233,596,000","3,192,790,000","3,038,363,000","2,806,148,000","2,692,061,000","2,530,617,000","2,524,353,000","2,322,603,000","2,362,419,000","2,167,459,000","2,174,187,000","2,469,100,000","2,134,300,000","2,132,100,000","1,479,200,000","1,251,500,000","858,800,000","767,000,000","719,100,000","579,800,000","475,500,000","544,100,000","533,600,000","512,200,000"
ReconciledDepreciation,"174,624,000","177,344,000","182,179,000","184,313,000","193,451,000","244,518,000","271,932,000","274,767,000","262,340,000","265,427,000","248,701,000","196,393,000","174,282,000","161,298,000","165,808,000","169,830,000","172,095,000","172,080,000","172,264,000","174,991,000","182,478,000","183,819,000","191,928,000","262,508,000","256,389,000","246,010,000","214,355,000","654,000,000","181,300,000","170,000,000","124,300,000","92,000,000","63,600,000","57,700,000","50,300,000","42,700,000","35,200,000","15,900,000","10,400,000","8,800,000"
NetIncomeFromContinuingOperationNetMinorityInterest,"322,216,000","214,352,000","393,913,000","902,987,000","123,579,000","-218,750,000","-533,299,000","-1,054,579,000","312,908,000","369,416,000","498,874,000","903,944,000","776,464,000","768,508,000","684,863,000","528,704,000","379,636,000","599,993,000","592,927,000","417,019,000","572,723,000","537,632,000","455,042,000","310,920,000","170,177,000","108,387,000","328,253,000","-178,100,000","372,200,000","337,900,000","255,800,000","135,900,000","143,900,000","118,100,000","91,200,000","79,600,000","35,900,000","-92,500,000","-1,000,000","58,100,000"
TotalUnusualItemsExcludingGoodwill,,,,,,,,,,,,,,"-3,189,000","1,328,000","-7,361,000","3,073,000","10,989,000","4,323,000","29,799,000","23,518,000","11,986,000","-40,471,000","-25,359,000","-19,126,000","-327,774,000","-90,577,000","-359,100,000","-31,500,000","-7,000,000",,,"9,700,000","4,800,000","3,900,000","-5,100,000","13,000,000","23,300,000","7,200,000","14,600,000"
TotalUnusualItems,,,,,,,,,,,,,,"-3,189,000","1,328,000","-7,361,000","3,073,000","10,989,000","4,323,000","29,799,000","23,518,000","11,986,000","-40,471,000","-25,359,000","-19,126,000","-327,774,000","-90,577,000","-359,100,000","-31,500,000","-7,000,000",,,"9,700,000","4,800,000","3,900,000","-5,100,000","13,000,000","23,300,000","7,200,000","14,600,000"
NormalizedEBITDA,"867,299,000","766,534,000","819,332,000","909,014,000","569,440,000","285,907,000","38,939,000","-121,264,000","759,500,000","814,612,000","914,882,000","1,374,026,000","1,208,162,000","1,207,303,000","1,077,472,000","909,081,000","738,930,000","891,169,000","896,759,000","809,721,000","889,777,000","962,312,000","990,540,000","882,887,000","662,039,000","1,203,331,000","965,788,000","1,486,000,000","881,300,000","791,600,000","573,400,000","391,200,000","315,200,000","290,600,000","229,100,000","210,900,000","121,900,000","-29,600,000","90,800,000","131,100,000"
TaxRateForCalcs,"0.21","0.21","0.269","0.27","0.369","0.27","0.27","0.4","0.222","0.204","0.15","0.178","0.178","0.208","0.191","0.199","0.222","0.147","0.133","0.36","0.177","0.274","0.268","0.277","0.245","0.363","0.286","0.4","0.307","0.33","0.35","0.4","0.333","0.375","0.345","0.263","0.376","0.4","0.4","0.4"
TaxEffectOfUnusualItems,"0","0","0","0","0","0","0","0","0","0","0","0","0","0","0","-1,464,768.15","682,205.95","1,615,468.831","574,260.068","10,741,001.014","4,172,618.122","3,287,852.792","-10,839,312.668","-7,023,100.184","-4,687,407.383","-118,996,347.042","-25,863,906.446","-143,640,000","-9,654,835.103","-2,313,453.537","0","0","3,234,830.94","1,799,047.115","1,344,827.586","-1,341,111.111","4,883,478.261","9,320,000","2,880,000","5,840,000"