name,ttm,03/31/2024,03/31/2023,03/31/2022,03/31/2021,03/31/2020,03/31/2019,03/31/2018,03/31/2017,03/31/2016,03/31/2015,03/31/2014,03/31/2013,03/31/2012,03/31/2011,03/31/2010,03/31/2009,03/31/2008,03/31/2007,03/31/2006,03/31/2005,03/31/2004,03/31/2003,03/31/2002,03/31/2001,03/31/2000,03/31/1999,03/31/1998,03/31/1997,03/31/1996,03/31/1995,03/31/1994,03/31/1993,03/31/1992,03/31/1991,03/31/1990,03/31/1989,03/31/1988,03/31/1987,10/31/1985
TotalRevenue,"13,068,765,000,000","13,020,768,000,000","10,974,373,000,000","9,921,513,000,000","8,998,661,000,000","8,259,885,000,000","8,665,687,000,000","8,543,982,000,000","7,603,250,000,000","8,105,712,000,000","8,215,880,000,000","7,767,266,000,000","6,795,504,000,000","6,493,083,000,000","7,181,273,000,000","7,213,998,000,000","7,729,993,000,000","8,871,414,000,000","8,295,695,000,000","7,510,597,000,000","7,191,325,000,000","7,514,700,137,550","7,463,457,790,080","7,591,408,475,430","7,379,691,520,860","6,481,915,211,600","6,801,119,376,350","6,811,282,578,900","5,653,121,153,830.6","4,640,229,209,349","3,867,056,776,037","3,719,214,870,036","3,992,913,726,956","3,918,988,514,018","3,703,691,243,160","2,927,507,711,169","2,210,092,522,934","1,445,796,572,850","1,204,196,949,030","1,439,476,329,280"
	OperatingRevenue,"13,068,765,000,000","13,020,768,000,000","10,974,373,000,000","9,921,513,000,000","8,998,661,000,000","8,155,937,000,000","8,580,943,000,000","8,452,848,000,000","7,523,612,000,000","8,015,676,000,000","8,113,141,000,000","7,671,218,000,000","6,690,492,000,000","6,395,453,000,000","7,102,896,000,000","7,213,998,000,000","7,729,993,000,000","8,871,414,000,000","8,295,695,000,000","7,510,597,000,000","7,191,325,000,000","7,514,700,137,550","7,463,457,790,080","7,591,408,475,430","7,379,691,520,860","6,481,915,211,600","6,801,119,376,350","6,811,282,578,900","5,653,121,153,830.6","4,640,229,209,349","3,867,056,776,037","3,719,214,870,036","3,992,913,726,956","3,918,988,514,018","3,703,691,243,160","2,927,507,711,169","2,210,092,522,934","1,445,796,572,850","1,204,196,949,030","1,439,476,329,280"
CostOfRevenue,"9,647,277,000,000","9,695,687,000,000","7,739,284,000,000","7,219,841,000,000","6,567,553,000,000","5,925,049,000,000","6,263,196,000,000","6,230,422,000,000","5,663,154,000,000","6,074,652,000,000","6,158,134,000,000","5,956,211,000,000","5,339,646,000,000","5,121,401,000,000","5,507,151,000,000","5,564,113,000,000","6,208,329,000,000","6,290,022,000,000","5,889,601,000,000","5,151,397,000,000","5,000,112,000,000","5,070,579,911,350","5,461,334,273,460","5,248,740,516,890","5,503,934,801,880","4,802,815,365,800","4,959,866,567,200","4,930,054,722,150","4,153,206,804,284.52","3,020,511,708,243","2,617,853,763,133","2,506,935,727,908","2,654,438,943,464","2,575,490,578,396","2,299,455,406,815","1,762,583,912,088","1,354,840,863,017","970,798,747,273","832,895,223,050","912,075,146,880"
GrossProfit,"3,421,488,000,000","3,325,081,000,000","3,235,089,000,000","2,701,672,000,000","2,431,108,000,000","2,334,836,000,000","2,402,491,000,000","2,313,560,000,000","1,940,096,000,000","2,031,060,000,000","2,057,746,000,000","1,811,055,000,000","1,455,858,000,000","1,371,682,000,000","1,674,122,000,000","1,649,885,000,000","1,521,664,000,000","2,581,392,000,000","2,406,094,000,000","2,359,200,000,000","2,191,213,000,000","2,444,120,226,200","2,002,123,516,620","2,342,667,958,540","1,875,756,718,980","1,679,099,845,800","1,841,252,809,150","1,881,227,856,750","1,499,914,349,546.08","1,619,717,501,106","1,249,203,012,904","1,212,279,142,128","1,338,474,783,492","1,343,497,935,622","1,404,235,836,345","1,164,923,799,081","855,251,659,917","474,997,825,577","371,301,725,980","527,401,182,400"
OperatingExpense,"2,225,492,000,000","2,158,095,000,000","1,961,884,000,000","1,589,276,000,000","1,474,150,000,000","1,501,130,000,000","1,576,825,000,000","1,583,197,000,000","1,505,956,000,000","1,691,930,000,000","1,811,461,000,000","1,728,520,000,000","1,457,626,000,000","1,375,242,000,000","1,501,813,000,000","1,544,890,000,000","1,686,030,000,000","1,714,445,000,000","1,788,427,000,000","1,527,036,000,000","1,535,015,000,000","2,344,975,100,150","1,816,905,561,220","2,207,764,521,690","1,648,380,803,670","1,445,848,719,800","1,492,675,940,100","1,356,719,969,700","1,130,239,148,821.76","1,381,944,591,297","1,414,840,088,655","1,112,993,238,252","1,212,024,801,372","1,177,063,796,178","1,105,739,949,870","871,511,005,422","694,124,203,140","419,423,663,017","341,087,643,110","393,684,307,520"
	SellingGeneralAndAdministration,"2,224,631,000,000","2,156,156,000,000","1,969,170,000,000","1,588,473,000,000","1,473,154,000,000","1,502,625,000,000","1,576,825,000,000","1,583,197,000,000","1,505,956,000,000","1,691,930,000,000","1,811,461,000,000","1,728,520,000,000","1,457,626,000,000","1,375,242,000,000","1,501,813,000,000","1,544,890,000,000","1,686,030,000,000","1,714,445,000,000","1,788,427,000,000","1,527,036,000,000","1,535,015,000,000","2,309,424,639,600","1,817,023,534,440","2,207,897,431,480","1,648,380,803,670","1,445,848,719,800","1,502,322,242,250","1,356,719,969,700","1,130,239,148,821.76","1,152,268,448,292","1,201,423,917,974","874,797,356,844","937,544,499,584","911,614,232,246","890,873,707,410","707,750,845,008","567,835,473,550","333,730,289,141","270,583,248,670","323,335,948,480"
	DepreciationAmortizationDepletionIncomeStatement,,,,,,,,,,,,,,,,,,,,,,,,,,,,,,"229,676,143,005","213,416,170,681","238,195,881,408","274,480,301,788","265,449,563,932","214,866,242,460","163,760,160,414","126,288,729,590","85,693,373,876","70,504,394,440","70,348,359,040"
		DepreciationAndAmortizationInIncomeStatement,,,,,,,,,,,,,,,,,,,,,,,,,,,,,,"229,676,143,005","213,416,170,681","238,195,881,408","274,480,301,788","265,449,563,932","214,866,242,460","163,760,160,414","126,288,729,590","85,693,373,876","70,504,394,440","70,348,359,040"
	OtherOperatingExpenses,"861,000,000","1,939,000,000","-7,286,000,000","803,000,000","996,000,000","-1,495,000,000",,,,,,,,,,,,,,"73,917,138,600","27,987,776,460","35,550,460,550","-117,973,220","-132,909,790",,,"-9,646,302,150",,,,,,,,,,,,,
OperatingIncome,"1,195,996,000,000","1,166,986,000,000","1,273,205,000,000","1,112,396,000,000","956,958,000,000","833,706,000,000","825,666,000,000","730,363,000,000","434,140,000,000","339,130,000,000","246,285,000,000","82,535,000,000","-1,768,000,000","-3,560,000,000","172,309,000,000","104,995,000,000","-164,366,000,000","866,947,000,000","617,667,000,000","832,164,000,000","656,198,000,000","99,145,126,050","185,217,955,400","134,903,436,850","227,375,915,310","233,251,126,000","348,576,869,050","524,507,887,050","369,675,200,724.32","237,772,909,809","-165,637,075,751","99,285,903,876","126,449,982,120","166,434,139,444","298,495,886,475","293,412,793,659","161,127,456,777","55,574,162,560","30,214,082,870","133,716,874,880"
NetNonOperatingInterestIncomeExpense,"9,066,000,000","-5,703,000,000","-12,269,000,000","-19,839,000,000","-3,924,000,000","8,188,000,000","9,151,000,000","6,218,000,000","-3,085,000,000","-12,831,000,000","-10,713,000,000","-6,808,000,000","-4,670,000,000","-7,668,000,000","-12,126,000,000","-9,314,000,000","-2,059,000,000","-518,965,000,000","-539,135,000,000","-535,868,000,000","-492,446,000,000",,,,,,,,,,,,,,,,,,,
	InterestIncomeNonOperating,"58,898,000,000","37,580,000,000","22,399,000,000","6,996,000,000","7,610,000,000","19,278,000,000","21,618,000,000","19,784,000,000","11,459,000,000","12,455,000,000","12,887,000,000","16,652,000,000","21,987,000,000","15,101,000,000","11,783,000,000","13,191,000,000","22,317,000,000","34,272,000,000","28,240,000,000","24,937,000,000","14,708,000,000",,,,,,,,,,,,,,,,,,,
	InterestExpenseNonOperating,"47,545,000,000","40,996,000,000","26,398,000,000","14,600,000,000","14,208,000,000","11,090,000,000","12,467,000,000","13,566,000,000","14,544,000,000","25,286,000,000","23,600,000,000","23,460,000,000","26,657,000,000","22,769,000,000","23,909,000,000","22,505,000,000","24,376,000,000","553,237,000,000","567,375,000,000","560,805,000,000","507,154,000,000",,,,,,,,,,,,,,,,,,,
	TotalOtherFinanceCost,,"2,287,000,000","8,270,000,000","12,235,000,000","-2,674,000,000",,,,,,,,,,,,,,,,,,,,,,,,,,,,,,,,,,,
OtherIncomeExpense,"104,433,000,000","107,379,000,000","13,560,000,000","24,946,000,000","44,931,000,000","-42,444,000,000","176,831,000,000","-37,532,000,000","-179,436,000,000","-21,795,000,000","-195,843,000,000","-49,986,000,000","248,522,000,000","-69,683,000,000","44,830,000,000","-68,769,000,000","-8,530,000,000","219,152,000,000","23,505,000,000","-9,967,000,000","-6,545,000,000","20,537,949,350","30,319,117,540","-56,087,931,380","20,682,002,280","9,864,364,800","54,543,288,700","-25,154,019,450","-6,403,673,837.84","-30,384,295,533","18,403,159,530","119,682,760,020","112,174,112,204","219,024,457,496","74,810,928,390","5,440,850,346","62,389,017,724","41,990,745,595","63,801,511,870","40,144,673,920"
	GainOnSaleOfSecurity,,"65,534,000,000","-15,624,000,000","-64,997,000,000","46,634,000,000","-46,969,000,000","107,398,000,000","-34,072,000,000","-29,585,000,000","28,194,000,000","-12,671,000,000","1,177,000,000","31,421,000,000","-8,022,000,000","15,953,000,000","-3,869,000,000","45,422,000,000","-2,012,000,000","-5,448,000,000","2,702,000,000","1,198,000,000",,,,,,,,,,,,,,,,,,,
	EarningsFromEquityInterest,"7,556,000,000","10,502,000,000","24,449,000,000","23,646,000,000","11,551,000,000","9,637,000,000","-2,999,000,000","8,569,000,000","3,563,000,000","2,238,000,000","3,921,000,000","-7,374,000,000","-6,948,000,000","-121,697,000,000","14,062,000,000","-30,235,000,000","-25,109,000,000","182,872,000,000","31,509,000,000","60,834,000,000","16,322,000,000","1,668,056,800","-44,593,877,160","-34,556,545,400","-44,895,078,120","-36,683,106,600",,,,,,,,,,,,,,
	SpecialIncomeCharges,,"31,343,000,000","4,735,000,000","66,297,000,000","-13,254,000,000","2,116,000,000","71,568,000,000","-4,072,000,000","-149,001,000,000","-47,171,000,000","-181,658,000,000","-48,666,000,000","235,219,000,000","59,594,000,000","13,450,000,000","-34,665,000,000","-28,843,000,000","38,292,000,000","-2,556,000,000","-73,503,000,000","-24,065,000,000","18,869,892,550","74,912,994,700","-21,531,385,980","65,577,080,400","46,547,471,400","54,543,288,700","-25,154,019,450","-6,403,673,837.84","-30,384,295,533","18,403,159,530","119,682,760,020","112,174,112,204","219,024,457,496","74,810,928,390","5,440,850,346","62,389,017,724","41,990,745,595","63,801,511,870","40,144,673,920"
		RestructuringAndMergernAcquisition,,,,,,"-1,827,000,000","-116,939,000,000","0","0",,,"0","0","-102,331,000,000","-26,991,000,000",,,,,,,,,,,,,,,,,,,,,,,,,
		OtherSpecialCharges,,,,,,"6,358,000,000",,,,,,,,"-60,036,000,000","-14,815,000,000","34,665,000,000","28,843,000,000","-38,292,000,000","2,556,000,000","73,503,000,000","24,065,000,000",,,,,,,,,,,,,,,,,,,
		GainOnSaleOfBusiness,,"26,668,000,000","4,318,000,000","74,613,000,000","18,868,000,000","30,067,000,000","1,557,000,000","29,613,000,000","41,426,000,000","31,780,000,000","42,000,000","31,818,000,000","132,559,000,000","2,882,000,000","4,465,000,000","0",,,,,,,,,,,,,,,,,,,,,,,,
		GainOnSaleOfPPE,,"4,675,000,000","417,000,000","-8,316,000,000","-32,122,000,000","-29,778,000,000","-46,928,000,000","-33,685,000,000","-190,427,000,000","-78,951,000,000","-181,700,000,000","-80,484,000,000","102,660,000,000","-45,619,000,000","-18,006,000,000",,,,,,,,,,,,,,,,,,,,,,,,,
	OtherNonOperatingIncomeExpenses,,,,"69,217,000,000","-8,737,000,000","-7,228,000,000","864,000,000","-7,957,000,000","-4,413,000,000","-5,056,000,000","-5,435,000,000","4,877,000,000","-11,170,000,000","442,000,000","1,365,000,000",,,,,,,,,,,,,,,,,,,,,,,,,
PretaxIncome,"1,309,495,000,000","1,268,662,000,000","1,274,496,000,000","1,117,503,000,000","997,965,000,000","799,450,000,000","1,011,648,000,000","699,049,000,000","251,619,000,000","304,504,000,000","39,729,000,000","25,741,000,000","242,084,000,000","-80,911,000,000","205,013,000,000","26,912,000,000","-174,955,000,000","567,134,000,000","102,037,000,000","286,329,000,000","157,207,000,000","144,391,166,750","196,071,491,640","74,562,392,190","238,851,904,380","209,720,505,800","356,436,818,950","440,528,065,500","302,494,183,480.4","132,771,981,573","-221,511,832,878","93,540,310,596","86,057,194,916","210,640,301,182","270,275,996,475","228,389,914,524","168,296,628,100","72,941,088,360","74,184,408,400","151,060,727,680"
TaxProvision,"311,115,000,000","288,168,000,000","262,723,000,000","229,097,000,000","-45,931,000,000","177,190,000,000","45,098,000,000","151,770,000,000","124,058,000,000","94,789,000,000","88,733,000,000","94,582,000,000","140,398,000,000","316,753,000,000","425,339,000,000","13,958,000,000","-72,741,000,000","203,478,000,000","53,888,000,000","176,515,000,000","16,044,000,000","52,856,549,850","80,693,682,480","65,258,706,890","116,525,427,480","91,656,389,600","177,206,143,200","216,670,601,400","163,280,809,665.88","77,958,155,511","63,270,580,863","78,304,228,416","49,799,012,032","90,405,387,576","152,937,693,855","126,208,858,026","95,544,778,630","39,658,615,559","36,712,520,220","78,026,186,560"
EarningsFromEquityInterestNetOfTax,,,,,,,,,,,,,,,,,,"100,817,000,000","78,654,000,000","13,176,000,000","29,039,000,000",,,,,,,,,,,,,,,,,,,
NetIncomeCommonStockholders,"984,666,000,000","970,573,000,000","1,005,277,000,000","882,178,000,000","1,029,610,000,000","582,191,000,000","916,271,000,000","490,794,000,000","73,289,000,000","147,791,000,000","-125,980,000,000","-128,369,000,000","41,540,000,000","-455,038,000,000","-259,585,000,000","-40,802,000,000","-98,938,000,000","369,435,000,000","126,328,000,000","122,308,000,000","163,785,000,000","88,719,771,050","115,377,809,160","15,284,625,850","16,898,709,180","118,064,116,200","179,230,675,750","223,857,464,100","139,213,373,814.52","54,813,826,062","-284,782,413,741","15,236,082,180","36,258,182,884","120,234,913,606","117,338,302,620","102,181,056,498","72,751,849,470","33,282,472,801","37,471,888,180","73,034,541,120"
	NetIncome,"984,666,000,000","970,573,000,000","1,005,277,000,000","882,178,000,000","1,029,610,000,000","582,191,000,000","916,271,000,000","490,794,000,000","73,289,000,000","147,791,000,000","-125,980,000,000","-128,369,000,000","41,540,000,000","-455,038,000,000","-259,585,000,000","-40,802,000,000","-98,938,000,000","369,435,000,000","126,328,000,000","123,616,000,000","163,838,000,000","88,719,771,050","115,377,809,160","15,284,625,850","16,898,709,180","118,064,116,200","179,230,675,750","223,857,464,100","139,213,373,814.52","54,813,826,062","-284,782,413,741","15,236,082,180","36,258,182,884","120,234,913,606","117,338,302,620","102,181,056,498","72,751,849,470","33,282,472,801","37,471,888,180","73,034,541,120"
		NetIncomeIncludingNoncontrollingInterests,"998,380,000,000","980,494,000,000","1,011,773,000,000","888,406,000,000","1,043,896,000,000","622,260,000,000","966,550,000,000","547,279,000,000","127,561,000,000","209,715,000,000","-49,004,000,000","-68,841,000,000","101,686,000,000","-397,664,000,000","-220,326,000,000","12,954,000,000","-102,214,000,000","363,656,000,000","126,803,000,000","122,990,000,000","170,202,000,000","91,117,602,700","121,984,309,480","-930,368,530","1,387,207,470","127,825,727,200","191,377,871,050","240,759,900,450","148,595,831,641.76","61,636,101,795","-277,758,109,188","23,454,332,568","42,770,184,688","120,234,913,606","117,338,302,620","102,181,056,498","72,751,849,470","33,282,472,801","37,471,888,180","73,034,541,120"
			NetIncomeContinuousOperations,"998,380,000,000","980,494,000,000","1,011,773,000,000","888,406,000,000","1,043,896,000,000","622,260,000,000","966,550,000,000","547,279,000,000","127,561,000,000","209,715,000,000","-49,004,000,000","-68,841,000,000","101,686,000,000","-397,664,000,000","-220,326,000,000","12,954,000,000","-102,214,000,000","363,656,000,000","126,803,000,000","122,990,000,000","170,202,000,000","90,804,842,050","115,377,809,160","9,303,685,300","122,326,476,900","118,064,116,200","179,230,675,750","223,857,464,100","139,213,373,814.52","54,813,826,062","-284,782,413,741","15,236,082,180","36,258,182,884","120,234,913,606","117,338,302,620","102,181,056,498","72,751,849,470","33,282,472,801","37,471,888,180","73,034,541,120"
			NetIncomeExtraordinary,,,,,,,,,,,,,,,,,,,,,"-4,718,245,840","-2,085,071,000",,"5,980,940,550","-105,427,767,720",,,,,,,,,,,,,,,
		MinorityInterests,"-13,714,000,000","-9,921,000,000","-6,496,000,000","-6,228,000,000","-14,286,000,000","-40,069,000,000","-50,279,000,000","-56,485,000,000","-54,272,000,000","-61,924,000,000","-76,976,000,000","-59,528,000,000","-60,146,000,000","-57,374,000,000","-39,259,000,000","-53,756,000,000","3,276,000,000","5,779,000,000","-475,000,000","626,000,000","-1,651,000,000","-2,397,831,650","-6,606,500,320","16,214,994,380","15,511,501,710","-9,761,611,000","-12,147,195,300","-16,902,436,350","-9,382,457,827.24","-6,822,275,733","-7,024,304,553","-8,218,250,388","-6,512,001,804",,,,,,,
	OtherunderPreferredStockDividend,,,,,,,,,,,,,,,,,,,,"1,308,000,000","53,000,000",,,,,,,,,,,,,,,,,,,
AverageDilutionEarnings,,"0","51,000,000","163,000,000","385,000,000",,,,,,,,,,,,,,,"-29,000,000","1,209,000,000",,,,,,,,,,,,,,,,,,,
DilutedNIAvailtoComStockholders,"984,666,000,000","970,573,000,000","1,005,328,000,000","882,341,000,000","1,029,995,000,000","582,191,000,000","916,271,000,000","490,794,000,000","73,289,000,000","147,791,000,000","-125,980,000,000","-128,369,000,000","41,540,000,000","-455,038,000,000","-259,585,000,000","-40,802,000,000","-98,938,000,000","369,435,000,000","126,328,000,000","122,279,000,000","164,994,000,000","88,719,771,050","115,377,809,160","15,284,625,850","16,898,709,180","118,064,116,200","179,230,675,750","223,857,464,100","139,213,373,814.52","54,813,826,062","-284,782,413,741","15,236,082,180","36,258,182,884","120,234,913,606","117,338,302,620","102,181,056,498","72,751,849,470","33,282,472,801","37,471,888,180","73,034,541,120"
BasicEPS,"801.93","788.29","813.53","711.84","952.29","471.64","723.41","388.32","58.07","119.4","-113.04","-124.99","42.57","455.03","-258.66","-40.66","-98.59","368.33","126.15","122.58","175.9","96.172","125.097","16.767","18.446","72.433","109.809","278.304","154.563","67.473","-338.687","21.546","45.94","147.487","131.222","138.38","109.989","66.987","74.476","143.827"
DilutedEPS,"799.44","785.68","809.85","705.16","936.9","461.231","707.74","379.75","56.89","117.49","-113.04","-124.99","42.57","455.03","-258.66","-40.66","-98.59","351.1","120.29","116.88","158.07","87.183","117.605","16.717","18.446","65.971","98.295","241.227","154.563","67.473","-338.687","21.546","45.94","147.487","131.222","138.38","109.989","65.746","70.096","133.252"
BasicAverageShares,"1,227,623,868","1,231,242,000","1,235,701,000","1,239,299,000","1,230,480,000","1,234,408,000","1,266,592,000","1,263,895,000","1,262,023,000","1,237,802,000","1,114,424,000","1,027,024,000","1,010,901,336","1,003,578,000","1,003,559,000","1,003,520,000","1,003,499,000","1,003,001,000","1,001,403,000","997,781,000","931,125,000","922,515,225","922,310,000","911,577,028","916,139,089","823,440,000","819,388,000","804,362,880","900,688,764","812,380,952","840,841,837","707,142,857","789,250,000","815,225,225","742,772,277","738,409,091","661,445,783","496,851,852","503,137,255","507,794,118"
DilutedAverageShares,"1,231,441,750","1,235,331,000","1,241,377,000","1,251,260,000","1,250,692,000","1,262,255,000","1,294,646,000","1,292,420,000","1,288,343,000","1,257,883,000","1,114,424,000","1,027,024,000","1,010,901,336","1,003,578,000","1,003,559,000","1,003,520,000","1,003,499,000","1,052,212,000","1,050,171,000","1,046,164,000","1,043,775,000","1,017,629,748","981,060,910","914,309,339","916,139,089","927,670,000","927,724,000","927,995,648","900,688,764","812,380,952","840,841,837","707,142,857","789,250,000","815,225,225","742,772,277","738,409,091","661,445,783","506,226,415","534,583,333","548,095,238"
TotalOperatingIncomeAsReported,"1,234,895,000,000","1,208,831,000,000","1,302,389,000,000","1,202,339,000,000","955,255,000,000","845,459,000,000","894,235,000,000","734,860,000,000","288,702,000,000","294,197,000,000","68,548,000,000","26,495,000,000","226,503,000,000","-65,663,000,000","199,821,000,000","31,772,000,000","-227,783,000,000","475,299,000,000","71,750,000,000","226,416,000,000","145,628,000,000","99,145,126,050","185,217,955,400","134,903,436,850","227,375,915,310","233,251,126,000","348,576,869,050","524,507,887,050","369,675,200,724.32","237,772,909,809","-165,637,075,751","99,285,903,876","126,449,982,120","166,434,139,444","298,495,886,475","293,412,793,659","161,127,456,777","55,574,162,560","30,214,082,870","133,716,874,880"
TotalExpenses,"11,872,769,000,000","11,853,782,000,000","9,701,168,000,000","8,809,117,000,000","8,041,703,000,000","7,426,179,000,000","7,840,021,000,000","7,813,619,000,000","7,169,110,000,000","7,766,582,000,000","7,969,595,000,000","7,684,731,000,000","6,797,272,000,000","6,496,643,000,000","7,008,964,000,000","7,109,003,000,000","7,894,359,000,000","8,004,467,000,000","7,678,028,000,000","6,678,433,000,000","6,535,127,000,000","7,415,555,011,500","7,278,239,834,680","7,456,505,038,580","7,152,315,605,550","6,248,664,085,600","6,452,542,507,300","6,286,774,691,850","5,283,445,953,106.28","4,402,456,299,540","4,032,693,851,788","3,619,928,966,160","3,866,463,744,836","3,752,554,374,574","3,405,195,356,685","2,634,094,917,510","2,048,965,066,157","1,390,222,410,290","1,173,982,866,160","1,305,759,454,400"
NetIncomeFromContinuingAndDiscontinuedOperation,"984,666,000,000","970,573,000,000","1,005,277,000,000","882,178,000,000","1,029,610,000,000","582,191,000,000","916,271,000,000","490,794,000,000","73,289,000,000","147,791,000,000","-125,980,000,000","-128,369,000,000","41,540,000,000","-455,038,000,000","-259,585,000,000","-40,802,000,000","-98,938,000,000","369,435,000,000","126,328,000,000","123,616,000,000","163,838,000,000","90,804,842,050","115,377,809,160","9,303,685,300","122,326,476,900","118,064,116,200","179,230,675,750","223,857,464,100","139,213,373,814.52","54,813,826,062","-284,782,413,741","15,236,082,180","36,258,182,884","120,234,913,606","117,338,302,620","102,181,056,498","72,751,849,470","33,282,472,801","37,471,888,180","73,034,541,120"
NormalizedIncome,"910,805,420,723.256","895,687,079,000","1,013,922,866,000","881,144,500,000","997,765,480,000","617,086,634,000","745,358,470,000","520,660,752,000","196,763,360,400","160,866,153,000","4,103,832,600","-92,989,695,000","-157,106,800,000","-493,459,140,000","-280,167,100,000","-13,828,200,000","-110,543,300,000","346,171,644,814.1","131,930,800,000","166,096,600,000","184,371,273,461.105","78,842,556,375.704","70,430,012,340","22,222,516,888","82,980,228,660","90,135,633,360","146,504,702,530","238,949,875,770","143,055,578,117.224","73,044,403,381.8","-295,824,309,459","-56,573,573,832","-31,046,284,438.4","-11,179,760,891.6","72,451,745,586","98,916,546,290.4","35,318,438,835.6","8,088,025,444","-809,018,942","48,947,736,768"
InterestIncome,"58,898,000,000","37,580,000,000","22,399,000,000","6,996,000,000","7,610,000,000","19,278,000,000","21,618,000,000","19,784,000,000","11,459,000,000","12,455,000,000","12,887,000,000","16,652,000,000","21,987,000,000","15,101,000,000","11,783,000,000","13,191,000,000","22,317,000,000","34,272,000,000","28,240,000,000","24,937,000,000","14,708,000,000",,,,,,,,,,,,,,,,,,,
InterestExpense,"47,545,000,000","40,996,000,000","26,398,000,000","14,600,000,000","14,208,000,000","11,090,000,000","12,467,000,000","13,566,000,000","14,544,000,000","25,286,000,000","23,600,000,000","23,460,000,000","26,657,000,000","22,769,000,000","23,909,000,000","22,505,000,000","24,376,000,000","553,237,000,000","567,375,000,000","560,805,000,000","507,154,000,000",,,,,,,,,,,,,,,,,,,
NetInterestIncome,"9,066,000,000","-5,703,000,000","-12,269,000,000","-19,839,000,000","-3,924,000,000","8,188,000,000","9,151,000,000","6,218,000,000","-3,085,000,000","-12,831,000,000","-10,713,000,000","-6,808,000,000","-4,670,000,000","-7,668,000,000","-12,126,000,000","-9,314,000,000","-2,059,000,000","-518,965,000,000","-539,135,000,000","-535,868,000,000","-492,446,000,000",,,,,,,,,,,,,,,,,,,
EBIT,"1,357,040,000,000","1,309,658,000,000","1,300,894,000,000","1,132,103,000,000","1,012,173,000,000","810,540,000,000","1,024,115,000,000","712,615,000,000","266,163,000,000","329,790,000,000","63,329,000,000","49,201,000,000","268,741,000,000","-58,142,000,000","228,922,000,000","49,417,000,000","-150,579,000,000","1,120,371,000,000","669,412,000,000","847,134,000,000","664,361,000,000","99,145,126,050","185,217,955,400","134,903,436,850","227,375,915,310","233,251,126,000","348,576,869,050","524,507,887,050","369,675,200,724.32","237,772,909,809","-165,637,075,751","99,285,903,876","126,449,982,120","166,434,139,444","298,495,886,475","293,412,793,659","161,127,456,777","55,574,162,560","30,214,082,870","133,716,874,880"
EBITDA,"2,518,758,000,000","2,454,639,000,000","2,305,484,000,000","1,967,336,000,000","1,699,546,000,000","1,556,991,000,000","1,746,634,000,000","1,433,333,000,000","890,716,000,000","1,026,468,000,000","690,894,000,000","711,569,000,000","853,527,000,000","496,964,000,000","804,480,000,000","420,421,000,000","254,864,000,000","1,548,381,000,000","1,069,421,000,000","1,228,977,000,000","1,037,226,000,000","770,537,988,050","848,345,425,020","732,731,672,270","825,514,554,420","530,415,115,600","656,067,636,350","828,618,651,300","635,736,002,867.84","467,449,052,814","47,779,094,930","337,481,785,284","400,930,283,908","431,883,703,376","513,362,128,935","457,172,954,073","287,416,186,367","141,267,536,436","100,718,477,310","204,065,233,920"
ReconciledCostOfRevenue,"9,647,277,000,000","9,695,687,000,000","7,739,284,000,000","7,219,841,000,000","6,567,553,000,000","5,925,049,000,000","6,263,196,000,000","6,230,422,000,000","5,663,154,000,000","6,074,652,000,000","6,158,134,000,000","5,956,211,000,000","5,339,646,000,000","5,121,401,000,000","5,507,151,000,000","5,564,113,000,000","6,208,329,000,000","6,290,022,000,000","5,889,601,000,000","5,151,397,000,000","5,000,112,000,000","5,070,579,911,350","5,461,334,273,460","5,248,740,516,890","5,503,934,801,880","4,802,815,365,800","4,959,866,567,200","4,930,054,722,150","4,153,206,804,284.52","3,020,511,708,243","2,617,853,763,133","2,506,935,727,908","2,654,438,943,464","2,575,490,578,396","2,299,455,406,815","1,762,583,912,088","1,354,840,863,017","970,798,747,273","832,895,223,050","912,075,146,880"
ReconciledDepreciation,"1,161,718,000,000","1,144,981,000,000","1,004,590,000,000","835,233,000,000","687,373,000,000","746,451,000,000","722,519,000,000","720,718,000,000","624,553,000,000","696,678,000,000","627,565,000,000","662,368,000,000","584,786,000,000","555,106,000,000","575,558,000,000","371,004,000,000","405,443,000,000","428,010,000,000","400,009,000,000","381,843,000,000","372,865,000,000","671,392,862,000","663,127,469,620","597,828,235,420","598,138,639,110","297,163,989,600","307,490,767,300","304,110,764,250","266,060,802,143.52","229,676,143,005","213,416,170,681","238,195,881,408","274,480,301,788","265,449,563,932","214,866,242,460","163,760,160,414","126,288,729,590","85,693,373,876","70,504,394,440","70,348,359,040"
NetIncomeFromContinuingOperationNetMinorityInterest,"984,666,000,000","970,573,000,000","1,005,277,000,000","882,178,000,000","1,029,610,000,000","582,191,000,000","916,271,000,000","490,794,000,000","73,289,000,000","147,791,000,000","-125,980,000,000","-128,369,000,000","41,540,000,000","-455,038,000,000","-259,585,000,000","-40,802,000,000","-98,938,000,000","369,435,000,000","126,328,000,000","123,616,000,000","163,838,000,000","90,804,842,050","115,377,809,160","9,303,685,300","122,326,476,900","118,064,116,200","179,230,675,750","223,857,464,100","139,213,373,814.52","54,813,826,062","-284,782,413,741","15,236,082,180","36,258,182,884","120,234,913,606","117,338,302,620","102,181,056,498","72,751,849,470","33,282,472,801","37,471,888,180","73,034,541,120"
TotalUnusualItemsExcludingGoodwill,"96,877,000,000","96,877,000,000","-10,889,000,000","1,300,000,000","33,380,000,000","-44,853,000,000","178,966,000,000","-38,144,000,000","-178,586,000,000","-18,977,000,000","-194,329,000,000","-47,489,000,000","266,640,000,000","51,572,000,000","29,403,000,000","-38,534,000,000","16,579,000,000","36,280,000,000","-8,004,000,000","-70,801,000,000","-22,867,000,000","18,869,892,550","74,912,994,700","-21,531,385,980","65,577,080,400","46,547,471,400","54,543,288,700","-25,154,019,450","-6,403,673,837.84","-30,384,295,533","18,403,159,530","119,682,760,020","112,174,112,204","219,024,457,496","74,810,928,390","5,440,850,346","62,389,017,724","41,990,745,595","63,801,511,870","40,144,673,920"
TotalUnusualItems,"96,877,000,000","96,877,000,000","-10,889,000,000","1,300,000,000","33,380,000,000","-44,853,000,000","178,966,000,000","-38,144,000,000","-178,586,000,000","-18,977,000,000","-194,329,000,000","-47,489,000,000","266,640,000,000","51,572,000,000","29,403,000,000","-38,534,000,000","16,579,000,000","36,280,000,000","-8,004,000,000","-70,801,000,000","-22,867,000,000","18,869,892,550","74,912,994,700","-21,531,385,980","65,577,080,400","46,547,471,400","54,543,288,700","-25,154,019,450","-6,403,673,837.84","-30,384,295,533","18,403,159,530","119,682,760,020","112,174,112,204","219,024,457,496","74,810,928,390","5,440,850,346","62,389,017,724","41,990,745,595","63,801,511,870","40,144,673,920"
NormalizedEBITDA,"2,421,881,000,000","2,357,762,000,000","2,316,373,000,000","1,966,036,000,000","1,666,166,000,000","1,601,844,000,000","1,567,668,000,000","1,471,477,000,000","1,069,302,000,000","1,045,445,000,000","885,223,000,000","759,058,000,000","586,887,000,000","445,392,000,000","775,077,000,000","458,955,000,000","238,285,000,000","1,512,101,000,000","1,077,425,000,000","1,299,778,000,000","1,060,093,000,000","751,668,095,500","773,432,430,320","754,263,058,250","759,937,474,020","483,867,644,200","601,524,347,650","853,772,670,750","642,139,676,705.68","497,833,348,347","29,375,935,400","217,799,025,264","288,756,171,704","212,859,245,880","438,551,200,545","451,732,103,727","225,027,168,643","99,276,790,841","36,916,965,440","163,920,560,000"
TaxRateForCalcs,"0.238","0.227","0.206","0.205","0.046","0.222","0.045","0.217","0.309","0.311","0.331","0.255","0.255","0.255","0.3","0.3","0.3","0.359","0.3","0.4","0.102","0.366","0.4","0.4","0.4","0.4","0.4","0.4","0.4","0.4","0.4","0.4","0.4","0.4","0.4","0.4","0.4","0.4","0.4","0.4"
TaxEffectOfUnusualItems,"23,016,420,723.256","21,991,079,000","-2,243,134,000","266,500,000","1,535,480,000","-9,957,366,000","8,053,470,000","-8,277,248,000","-55,111,639,600","-5,901,847,000","-64,245,167,400","-12,109,695,000","67,993,200,000","13,150,860,000","8,820,900,000","-11,560,200,000","4,973,700,000","13,016,644,814.1","-2,401,200,000","-28,320,400,000","-2,333,726,538.895","6,907,606,875.704","29,965,197,880","-8,612,554,392","26,230,832,160","18,618,988,560","21,817,315,480","-10,061,607,780","-2,561,469,535.136","-12,153,718,213.2","7,361,263,812","47,873,104,008","44,869,644,881.6","87,609,782,998.4","29,924,371,356","2,176,340,138.4","24,955,607,089.6","16,796,298,238","25,520,604,748","16,057,869,568"