name,ttm,12/31/2023,12/31/2022,12/31/2021,12/31/2020,12/31/2019,12/31/2018,12/31/2017,12/31/2016,12/31/2015,12/31/2014,12/31/2013,12/31/2012,12/31/2011,12/31/2010,12/31/2009,12/31/2008,12/31/2007,12/31/2006,12/31/2005,12/31/2004,12/31/2003,12/31/2002,12/31/2001,12/31/2000,12/31/1999,12/31/1998,12/31/1997,12/31/1996,12/31/1995,12/31/1994,12/31/1993,12/31/1992,12/31/1991,12/31/1990,12/31/1989,12/31/1988,12/31/1987,12/31/1986,12/31/1985
TotalRevenue,"40,725,000,000","40,109,000,000","43,653,000,000","43,075,000,000","34,608,000,000","31,904,000,000","30,578,000,000","27,390,000,000","20,853,000,000","20,405,000,000","20,247,000,000","19,657,000,000","19,050,000,000","21,407,000,000","35,166,721,000","30,764,707,000","29,527,552,000","25,914,238,000","22,476,322,000","22,337,808,000","19,680,016,000","17,280,333,000","15,279,537,000","16,285,246,000","13,745,916,000","13,177,600,000","12,512,700,000","11,889,300,000","11,013,500,000","10,012,194,000","9,156,009,000","8,407,843,000","7,851,900,000","6,876,600,000","6,158,700,000","5,379,800,000","4,937,000,000","4,387,900,000","3,807,600,000","3,360,300,000"
	OperatingRevenue,"40,725,000,000","40,109,000,000","43,653,000,000","43,075,000,000","34,608,000,000","31,904,000,000","30,578,000,000","27,390,000,000","20,853,000,000","20,405,000,000","20,247,000,000","19,657,000,000","19,050,000,000","21,407,000,000","35,166,721,000","30,764,707,000","29,527,552,000","25,914,238,000","22,476,322,000","22,337,808,000","19,680,016,000","17,280,333,000","15,279,537,000","16,285,246,000","13,745,916,000","13,177,600,000","12,512,700,000","11,889,300,000","11,013,500,000","10,012,194,000","9,156,009,000","8,407,843,000","7,851,900,000","6,876,600,000","6,158,700,000","5,379,800,000","4,937,000,000","4,387,900,000","3,807,600,000","3,360,300,000"
CostOfRevenue,"18,227,000,000","17,975,000,000","19,142,000,000","18,537,000,000","15,003,000,000","13,231,000,000","12,706,000,000","12,409,000,000","9,094,000,000","8,747,000,000","9,218,000,000","9,193,000,000","8,899,000,000","10,017,000,000","14,665,192,000","13,209,329,000","12,612,022,000","11,422,046,000","9,815,147,000","10,641,111,000","8,884,157,000","7,774,239,000","6,820,501,000","7,748,382,000","6,238,646,000","5,149,200,000","4,620,300,000","4,323,200,000","4,045,900,000","4,325,805,000","3,993,831,000","3,684,727,000","3,077,500,000","2,761,000,000","2,554,200,000","2,249,300,000","2,082,300,000","1,858,200,000","1,668,900,000","1,539,200,000"
GrossProfit,"22,498,000,000","22,134,000,000","24,511,000,000","24,538,000,000","19,605,000,000","18,673,000,000","17,872,000,000","14,981,000,000","11,759,000,000","11,658,000,000","11,029,000,000","10,464,000,000","10,151,000,000","11,390,000,000","20,501,529,000","17,555,378,000","16,915,530,000","14,492,192,000","12,661,175,000","11,696,697,000","10,795,859,000","9,506,094,000","8,459,036,000","8,536,864,000","7,507,270,000","8,028,400,000","7,892,400,000","7,566,100,000","6,967,600,000","5,686,389,000","5,162,178,000","4,723,116,000","4,774,400,000","4,115,600,000","3,604,500,000","3,130,500,000","2,854,700,000","2,529,700,000","2,138,700,000","1,821,100,000"
OperatingExpense,"16,016,000,000","15,656,000,000","16,149,000,000","16,113,000,000","14,248,000,000","14,141,000,000","14,222,000,000","13,417,000,000","8,733,000,000","8,791,000,000","8,430,000,000","8,331,000,000","8,791,000,000","9,761,000,000","14,100,748,000","11,319,637,000","11,124,435,000","9,913,647,000","8,604,956,000","7,317,298,000","6,618,533,000","6,431,842,000","5,199,392,000","5,312,432,000","4,106,695,000","4,879,100,000","4,775,000,000","4,732,300,000","4,350,500,000","3,303,485,000","3,017,971,000","2,799,150,000","3,248,400,000","2,558,600,000","2,198,400,000","1,909,300,000","1,752,700,000","1,524,000,000","1,260,100,000","1,084,000,000"
	SellingGeneralAndAdministration,"11,342,000,000","10,949,000,000","11,248,000,000","11,324,000,000","9,696,000,000","9,765,000,000","9,744,000,000","9,182,000,000","6,736,000,000","6,785,000,000","6,530,000,000","6,372,000,000","6,735,000,000","7,365,000,000","10,376,324,000","8,405,904,000","8,435,624,000","7,407,998,000","6,349,685,000","5,496,123,000","4,921,780,000","4,808,090,000","3,724,855,000","3,734,880,000","2,894,178,000","2,857,100,000","2,759,800,000","2,695,800,000","2,459,600,000","2,230,740,000","2,054,455,000","1,988,176,000","2,820,600,000","2,179,600,000","1,842,500,000","1,602,000,000","1,481,800,000","1,280,300,000","1,060,600,000","928,200,000"
	ResearchAndDevelopment,"2,754,000,000","2,741,000,000","2,888,000,000","2,742,000,000","2,420,000,000","2,440,000,000","2,300,000,000","2,260,000,000","1,447,000,000","1,405,000,000","1,345,000,000","1,371,000,000","1,461,000,000","1,512,000,000","3,724,424,000","2,913,733,000","2,688,811,000","2,505,649,000","2,255,271,000","1,821,175,000","1,696,753,000","1,623,752,000","1,474,537,000","1,577,552,000","1,351,024,000","1,194,000,000","1,228,800,000","1,307,400,000","1,204,800,000","1,072,745,000","963,516,000","880,974,000",,,,,,,,
	DepreciationAmortizationDepletionIncomeStatement,"1,920,000,000","1,966,000,000","2,013,000,000","2,047,000,000","2,132,000,000","1,936,000,000","2,178,000,000","1,975,000,000","550,000,000","601,000,000","555,000,000","588,000,000","595,000,000","884,000,000",,,,,,,,,,,,"828,000,000","786,400,000","729,100,000","686,100,000",,,,"427,800,000","379,000,000","355,900,000","307,300,000","270,900,000","243,700,000","199,500,000","155,800,000"
		DepreciationAndAmortizationInIncomeStatement,"1,920,000,000","1,966,000,000","2,013,000,000","2,047,000,000","2,132,000,000","1,936,000,000","2,178,000,000","1,975,000,000","550,000,000","601,000,000","555,000,000","588,000,000","595,000,000","884,000,000",,,,,,,,,,,,"828,000,000","786,400,000","729,100,000","686,100,000",,,,"427,800,000","379,000,000","355,900,000","307,300,000","270,900,000","243,700,000","199,500,000","155,800,000"
			Amortization,"1,920,000,000","1,966,000,000","2,013,000,000","2,047,000,000","2,132,000,000","1,936,000,000","2,178,000,000","1,975,000,000","550,000,000","601,000,000","555,000,000","588,000,000","595,000,000","884,000,000",,,,,,,,,,,,,,,,,,,,,,,,,,
				AmortizationOfIntangiblesIncomeStatement,"1,920,000,000","1,966,000,000","2,013,000,000","2,047,000,000","2,132,000,000","1,936,000,000","2,178,000,000","1,975,000,000","550,000,000","601,000,000","555,000,000","588,000,000","595,000,000","884,000,000",,,,,,,,,,,,,,,,,,,,,,,,,,
	OtherOperatingExpenses,,,,,,,,,,,,,,,,,,,,,,,,,"-138,507,000",,,,,,,"-70,000,000",,,,,,,,
OperatingIncome,"6,482,000,000","6,478,000,000","8,362,000,000","8,425,000,000","5,357,000,000","4,532,000,000","3,650,000,000","1,564,000,000","3,026,000,000","2,867,000,000","2,599,000,000","2,133,000,000","1,360,000,000","1,629,000,000","6,400,781,000","6,235,741,000","5,791,095,000","4,578,545,000","4,056,219,000","4,379,399,000","4,177,326,000","3,074,252,000","3,259,644,000","3,224,432,000","3,400,575,000","3,149,300,000","3,117,400,000","2,833,800,000","2,617,100,000","2,382,904,000","2,144,207,000","1,923,966,000","1,526,000,000","1,557,000,000","1,406,100,000","1,221,200,000","1,102,000,000","1,005,700,000","878,600,000","737,100,000"
NetNonOperatingInterestIncomeExpense,"-258,000,000","-252,000,000","-375,000,000","-490,000,000","-500,000,000","-576,000,000","-721,000,000","-780,000,000","-332,000,000","-58,000,000","-73,000,000","-78,000,000","-261,000,000","-294,000,000","-447,682,000","-381,877,000","-327,245,000",,,,,,,,,,,,,,,,,,,,,,,
	InterestIncomeNonOperating,"348,000,000","385,000,000","183,000,000","43,000,000","46,000,000","94,000,000","105,000,000","124,000,000","99,000,000","105,000,000","77,000,000","67,000,000","59,000,000","65,000,000","105,453,000","137,779,000","201,229,000",,,,,,,,,,,,,,,,,,,,,,,
	InterestExpenseNonOperating,"606,000,000","637,000,000","558,000,000","533,000,000","546,000,000","670,000,000","826,000,000","904,000,000","431,000,000","163,000,000","150,000,000","145,000,000","320,000,000","359,000,000","553,135,000","519,656,000","528,474,000",,,,,,,,,,,,,,,,,,,,,,,
OtherIncomeExpense,"285,000,000","438,000,000","319,000,000","276,000,000","111,000,000","121,000,000","-56,000,000","1,447,000,000","-1,281,000,000","374,000,000","-8,000,000","-14,000,000","-1,319,000,000","-99,000,000","-240,265,000","-1,411,078,000","392,436,000","347,493,000","-1,487,502,000","394,183,000","97,361,000","459,264,000","266,822,000","-1,106,525,000","577,560,000","329,300,000","226,800,000","186,300,000","147,900,000","30,164,000","35,298,000","105,726,000","265,700,000","51,000,000","36,100,000","47,500,000","38,500,000","9,000,000","26,400,000","55,500,000"
	GainOnSaleOfSecurity,"-8,000,000","-41,000,000","-2,000,000","-1,000,000","8,000,000","-7,000,000","-28,000,000","34,000,000","-495,000,000","93,000,000","24,000,000","-46,000,000","31,000,000","20,000,000","10,924,000",,,,,,,,,,,,,,,,,,,,,,,,,
	EarningsFromEquityInterest,,,,,,,,,,,,,,,,,"118,997,000","498,016,000","475,811,000","441,388,000","374,984,000",,,,,,,,,,,,,,,,,,,
	SpecialIncomeCharges,,,,"0","0","-63,000,000","-167,000,000","0","0","0","-18,000,000","0","-1,351,000,000","0","-313,200,000","-1,411,078,000","392,436,000","-150,523,000","-1,963,313,000","-47,205,000","-277,623,000","459,264,000","266,822,000","-1,106,525,000","577,560,000","329,300,000","226,800,000","186,300,000","147,900,000","30,164,000","35,298,000","105,726,000","265,700,000","51,000,000","36,100,000","47,500,000","38,500,000","9,000,000","26,400,000","55,500,000"
		OtherSpecialCharges,,,,,,"63,000,000","167,000,000",,,,"18,000,000",,"1,351,000,000",,"313,200,000",,,,,,,,,,,,,,,,,,,,,,,,,
	OtherNonOperatingIncomeExpenses,"293,000,000","479,000,000","321,000,000","277,000,000","103,000,000","191,000,000","139,000,000","1,413,000,000","-786,000,000","281,000,000","-14,000,000","32,000,000","1,000,000","-119,000,000","62,011,000",,,,,,,,,,,,,,,,,,,,,,,,,
PretaxIncome,"6,509,000,000","6,664,000,000","8,306,000,000","8,211,000,000","4,968,000,000","4,077,000,000","2,873,000,000","2,231,000,000","1,413,000,000","3,183,000,000","2,518,000,000","2,041,000,000","-220,000,000","1,236,000,000","5,712,834,000","7,193,774,000","5,856,286,000","4,469,648,000","2,276,370,000","4,619,920,000","4,125,600,000","3,387,151,000","3,320,987,000","1,883,148,000","3,816,407,000","3,396,900,000","3,241,900,000","2,934,600,000","2,669,500,000","2,395,319,000","2,166,690,000","1,943,230,000","1,738,800,000","1,544,200,000","1,350,800,000","1,194,200,000","1,055,400,000","937,200,000","818,700,000","694,500,000"
TaxProvision,"952,000,000","941,000,000","1,373,000,000","1,140,000,000","497,000,000","390,000,000","539,000,000","1,878,000,000","350,000,000","577,000,000","797,000,000","53,000,000","-457,000,000","110,000,000","1,086,662,000","1,447,936,000","1,122,070,000","863,334,000","559,615,000","1,247,855,000","949,764,000","882,426,000","773,982,000","332,758,000","1,030,430,000","951,100,000","907,500,000","855,500,000","787,500,000","706,619,000","650,007,000","544,104,000","499,700,000","455,500,000","385,000,000","334,400,000","303,400,000","304,600,000","278,200,000","229,200,000"
NetIncomeCommonStockholders,"5,557,000,000","5,723,000,000","6,933,000,000","7,071,000,000","4,495,000,000","3,687,000,000","2,368,000,000","477,000,000","1,400,000,000","4,423,000,000","2,284,000,000","2,576,000,000","5,963,000,000","4,728,000,000","4,626,172,000","5,745,838,000","4,880,719,000","3,606,314,000","1,716,755,000","3,372,065,000","3,235,851,000","2,753,233,000","2,793,703,000","1,550,390,000","2,785,977,000","2,445,800,000","2,334,400,000","2,079,100,000","1,882,000,000","1,688,700,000","1,516,683,000","1,399,126,000","1,239,100,000","1,088,800,000","965,800,000","859,800,000","752,000,000","632,600,000","540,500,000","465,300,000"
	NetIncome,"5,557,000,000","5,723,000,000","6,933,000,000","7,071,000,000","4,495,000,000","3,687,000,000","2,368,000,000","477,000,000","1,400,000,000","4,423,000,000","2,284,000,000","2,576,000,000","5,963,000,000","4,728,000,000","4,626,172,000","5,745,838,000","4,880,719,000","3,606,314,000","1,716,755,000","3,372,065,000","3,235,851,000","2,753,233,000","2,793,703,000","1,550,390,000","2,785,977,000","2,445,800,000","2,334,400,000","2,079,100,000","1,882,000,000","1,688,700,000","1,516,683,000","1,399,126,000","1,239,100,000","1,088,800,000","965,800,000","859,800,000","752,000,000","632,600,000","540,500,000","465,300,000"
		NetIncomeIncludingNoncontrollingInterests,"5,557,000,000","5,723,000,000","6,933,000,000","7,071,000,000","4,495,000,000","3,687,000,000","2,368,000,000","477,000,000","1,400,000,000","4,423,000,000","2,284,000,000","2,576,000,000","5,963,000,000","4,728,000,000","4,626,172,000","5,745,838,000","4,880,719,000","3,606,314,000","1,716,755,000","3,372,065,000","3,235,851,000","2,753,233,000","2,793,703,000","1,550,390,000","2,785,977,000","2,445,800,000","2,334,400,000","2,079,100,000","1,882,000,000","1,688,700,000","1,516,683,000","1,399,126,000","1,239,100,000","1,088,800,000","965,800,000","859,800,000","752,000,000","632,600,000","540,500,000","465,300,000"
			NetIncomeContinuousOperations,"5,557,000,000","5,723,000,000","6,933,000,000","7,071,000,000","4,471,000,000","3,687,000,000","2,334,000,000","353,000,000","1,063,000,000","2,606,000,000","1,721,000,000","1,988,000,000","237,000,000","1,126,000,000","4,626,172,000","5,745,838,000","4,734,216,000","3,606,314,000","1,716,755,000","3,372,065,000","3,175,836,000","2,504,725,000","2,547,005,000","1,550,390,000","2,785,977,000","2,445,800,000","2,334,400,000","2,079,100,000","1,882,000,000","1,688,700,000","1,516,683,000","1,399,126,000","1,239,100,000","1,088,700,000","965,800,000","859,800,000","752,000,000","632,600,000","540,500,000","465,300,000"
			NetIncomeDiscontinuousOperations,,,"0","0","24,000,000","0","34,000,000","124,000,000","337,000,000","1,817,000,000","563,000,000","588,000,000","5,726,000,000","3,602,000,000","0","0","146,503,000",,,,"60,015,000","248,508,000","246,698,000",,,,,,,,,,,,,,,,,
			NetIncomeExtraordinary,,,,,,,,,,,,,,,,,,,,,,,,,,,,,,,,,,"-128,100,000",,,,,,
			NetIncomeFromTaxLossCarryforward,,,,,,,,,,,,,,,,,,,,,,,,,,,,,,,,,,"128,200,000",,,,,,
DilutedNIAvailtoComStockholders,"5,557,000,000","5,723,000,000","6,933,000,000","7,071,000,000","4,495,000,000","3,687,000,000","2,368,000,000","477,000,000","1,400,000,000","4,423,000,000","2,284,000,000","2,576,000,000","5,963,000,000","4,728,000,000","4,626,172,000","5,745,838,000","4,880,719,000","3,606,314,000","1,716,755,000","3,372,065,000","3,235,851,000","2,753,233,000","2,793,703,000","1,550,390,000","2,785,977,000","2,445,800,000","2,334,400,000","2,079,100,000","1,882,000,000","1,688,700,000","1,516,683,000","1,399,126,000","1,239,100,000","1,088,800,000","965,800,000","859,800,000","752,000,000","632,600,000","540,500,000","465,300,000"
BasicEPS,"3.193","3.3","3.99","4.008","2.538","2.092","1.349","0.274","0.951","3.003","1.515","1.664","3.782","3.011","2.99","3.704","3.146","2.34","1.12","2.17","2.07","1.76","1.79","1","1.8","1.59","1.52","1.34","1.21","1.06","0.935","0.85","0.74","0.64","0.56","0.49","0.42","0.35","0.29","0.25"
DilutedEPS,"3.17","3.26","3.91","3.94","2.5","2.06","1.33","0.27","0.94","2.92","1.49","1.62","3.72","3.01","2.96","3.69","3.12","2.31","1.12","2.16","2.06","1.75","1.78","0.99","1.78","1.57","1.5","1.32","1.19","1.06","0.935","0.85","0.74","0.64","0.56","0.49","0.42","0.35","0.29","0.25"
BasicAverageShares,"1,739,633,759","1,734,076,358","1,737,795,021","1,764,082,193","1,771,230,274","1,762,503,247","1,755,619,422","1,743,602,469","1,472,869,205","1,472,665,052","1,508,035,434","1,548,098,286","1,576,667,492","1,570,378,819","1,546,983,948","1,546,493,000","1,543,605,000","1,543,082,000","1,529,848,000","1,552,457,000","1,560,557,000","1,562,815,000","1,560,956,000","1,550,390,000","1,548,015,000","1,536,762,000","1,537,242,000","1,551,567,164","1,555,371,901","1,590,724,000","1,624,472,000","1,657,976,000","1,674,459,459","1,701,250,000","1,724,642,857","1,754,693,878","1,790,476,190","1,807,428,571","1,863,793,103","1,861,200,000"
DilutedAverageShares,"1,748,508,000","1,749,000,000","1,764,000,000","1,789,000,000","1,786,000,000","1,781,000,000","1,770,000,000","1,749,000,000","1,483,000,000","1,506,000,000","1,527,000,000","1,574,000,000","1,592,000,000","1,570,378,819","1,556,000,000","1,555,000,000","1,560,753,000","1,560,057,000","1,536,724,000","1,564,103,000","1,570,611,000","1,571,869,000","1,573,293,000","1,566,050,505","1,565,579,000","1,557,655,000","1,560,958,000","1,575,075,758","1,581,512,605","1,594,642,000","1,624,472,000","1,657,976,000","1,674,459,459","1,701,250,000","1,724,642,857","1,754,693,878","1,790,476,190","1,807,428,571","1,863,793,103","1,861,200,000"
TotalOperatingIncomeAsReported,"6,482,000,000","6,478,000,000","8,362,000,000","8,425,000,000","5,357,000,000","4,532,000,000","3,650,000,000","1,564,000,000","3,026,000,000","2,867,000,000","2,599,000,000","2,133,000,000","1,360,000,000","1,629,000,000","6,087,581,000","6,235,741,000","5,693,839,000","4,578,545,000","2,042,219,000","4,362,268,000","3,898,320,000","2,974,012,000","3,151,944,000","1,894,032,000","3,400,575,000","3,149,300,000","3,117,400,000","2,833,800,000","2,617,100,000","2,382,904,000","2,144,207,000","1,923,966,000","1,526,000,000","1,557,000,000","1,406,100,000","1,221,200,000","1,102,000,000","1,005,700,000","878,600,000","737,100,000"
TotalExpenses,"34,243,000,000","33,631,000,000","35,291,000,000","34,650,000,000","29,251,000,000","27,372,000,000","26,928,000,000","25,826,000,000","17,827,000,000","17,538,000,000","17,648,000,000","17,524,000,000","17,690,000,000","19,778,000,000","28,765,940,000","24,528,966,000","23,736,457,000","21,335,693,000","18,420,103,000","17,958,409,000","15,502,690,000","14,206,081,000","12,019,893,000","13,060,814,000","10,345,341,000","10,028,300,000","9,395,300,000","9,055,500,000","8,396,400,000","7,629,290,000","7,011,802,000","6,483,877,000","6,325,900,000","5,319,600,000","4,752,600,000","4,158,600,000","3,835,000,000","3,382,200,000","2,929,000,000","2,623,200,000"
NetIncomeFromContinuingAndDiscontinuedOperation,"5,557,000,000","5,723,000,000","6,933,000,000","7,071,000,000","4,495,000,000","3,687,000,000","2,368,000,000","477,000,000","1,400,000,000","4,423,000,000","2,284,000,000","2,576,000,000","5,963,000,000","4,728,000,000","4,626,172,000","5,745,838,000","4,880,719,000","3,606,314,000","1,716,755,000","3,372,065,000","3,235,851,000","2,753,233,000","2,793,703,000","1,550,390,000","2,785,977,000","2,445,800,000","2,334,400,000","2,079,100,000","1,882,000,000","1,688,700,000","1,516,683,000","1,399,126,000","1,239,100,000","1,088,700,000","965,800,000","859,800,000","752,000,000","632,600,000","540,500,000","465,300,000"
NormalizedIncome,"5,563,829,927.792","5,758,219,000","6,934,670,000","7,071,861,000","4,463,800,000","3,750,280,000","2,492,340,000","332,600,000","1,435,240,000","2,529,833,000","1,716,896,000","2,032,804,000","1,095,000,000","1,107,780,000","4,871,015,560","6,872,899,483.077","4,416,971,113.023","3,727,762,758.878","3,197,413,860.078","3,406,519,780.24","3,389,546,761.545","2,165,109,192.379","2,342,367,954.414","2,461,388,654.779","2,364,358,216.647","2,208,700,897.877","2,171,087,769.518","1,947,110,519.321","1,777,730,361.491","1,667,434,378.678","1,491,974,400","1,323,003,258.237","1,049,757,424.661","1,052,743,711.954","939,989,087.948","825,600,954.614","724,567,746.826","626,525,096.031","523,070,905.093","428,116,198.704"
InterestIncome,"348,000,000","385,000,000","183,000,000","43,000,000","46,000,000","94,000,000","105,000,000","124,000,000","99,000,000","105,000,000","77,000,000","67,000,000","59,000,000","65,000,000","105,453,000","137,779,000","201,229,000",,,,,,,,,,,,,,,,,,,,,,,
InterestExpense,"606,000,000","637,000,000","558,000,000","533,000,000","546,000,000","670,000,000","826,000,000","904,000,000","431,000,000","163,000,000","150,000,000","145,000,000","320,000,000","359,000,000","553,135,000","519,656,000","528,474,000",,,,,,,,,,,,,,,,,,,,,,,
NetInterestIncome,"-258,000,000","-252,000,000","-375,000,000","-490,000,000","-500,000,000","-576,000,000","-721,000,000","-780,000,000","-332,000,000","-58,000,000","-73,000,000","-78,000,000","-261,000,000","-294,000,000","-447,682,000","-381,877,000","-327,245,000",,,,,,,,,,,,,,,,,,,,,,,
EBIT,"7,115,000,000","7,301,000,000","8,864,000,000","8,744,000,000","5,514,000,000","4,747,000,000","3,699,000,000","3,135,000,000","1,844,000,000","3,346,000,000","2,668,000,000","2,186,000,000","100,000,000","1,595,000,000","6,265,969,000","7,713,430,000","6,384,760,000","4,578,545,000","4,056,219,000","4,379,399,000","4,177,326,000","3,074,252,000","3,259,644,000","3,224,432,000","3,400,575,000","3,149,300,000","3,117,400,000","2,833,800,000","2,617,100,000","2,382,904,000","2,144,207,000","1,923,966,000","1,526,000,000","1,557,000,000","1,406,100,000","1,221,200,000","1,102,000,000","1,005,700,000","878,600,000","737,100,000"
EBITDA,"10,362,000,000","10,544,000,000","12,131,000,000","12,282,000,000","8,841,000,000","7,761,000,000","6,977,000,000","6,156,000,000","3,197,000,000","4,818,000,000","4,216,000,000","3,905,000,000","2,882,000,000","4,639,000,000","8,890,274,000","9,802,940,000","8,223,589,000","6,433,431,000","5,614,969,000","5,738,338,000","5,466,026,000","4,201,691,000","4,303,267,000","4,392,450,000","4,228,006,000","3,977,300,000","3,903,800,000","3,562,900,000","3,303,200,000","2,949,327,000","2,654,711,000","2,408,047,000","1,953,800,000","1,936,000,000","1,762,000,000","1,528,500,000","1,372,900,000","1,249,400,000","1,078,100,000","892,900,000"
ReconciledCostOfRevenue,"16,900,000,000","16,698,000,000","17,888,000,000","17,046,000,000","13,808,000,000","12,153,000,000","11,606,000,000","11,363,000,000","8,291,000,000","7,876,000,000","8,225,000,000","8,062,000,000","6,712,000,000","7,857,000,000","14,665,192,000","13,209,329,000","12,612,022,000","11,422,046,000","9,815,147,000","10,641,111,000","8,884,157,000","7,774,239,000","6,820,501,000","7,748,382,000","6,238,646,000","5,149,200,000","4,620,300,000","4,323,200,000","4,045,900,000","4,325,805,000","3,993,831,000","3,684,727,000","3,077,500,000","2,761,000,000","2,554,200,000","2,249,300,000","2,082,300,000","1,858,200,000","1,668,900,000","1,539,200,000"
ReconciledDepreciation,"3,247,000,000","3,243,000,000","3,267,000,000","3,538,000,000","3,327,000,000","3,014,000,000","3,278,000,000","3,021,000,000","1,353,000,000","1,472,000,000","1,548,000,000","1,719,000,000","2,782,000,000","3,044,000,000","2,624,305,000","2,089,510,000","1,838,829,000","1,854,886,000","1,558,750,000","1,358,939,000","1,288,700,000","1,127,439,000","1,043,623,000","1,168,018,000","827,431,000","828,000,000","786,400,000","729,100,000","686,100,000","566,423,000","510,504,000","484,081,000","427,800,000","379,000,000","355,900,000","307,300,000","270,900,000","243,700,000","199,500,000","155,800,000"
NetIncomeFromContinuingOperationNetMinorityInterest,"5,557,000,000","5,723,000,000","6,933,000,000","7,071,000,000","4,471,000,000","3,687,000,000","2,334,000,000","353,000,000","1,063,000,000","2,606,000,000","1,721,000,000","1,988,000,000","237,000,000","1,126,000,000","4,626,172,000","5,745,838,000","4,734,216,000","3,606,314,000","1,716,755,000","3,372,065,000","3,175,836,000","2,504,725,000","2,547,005,000","1,550,390,000","2,785,977,000","2,445,800,000","2,334,400,000","2,079,100,000","1,882,000,000","1,688,700,000","1,516,683,000","1,399,126,000","1,239,100,000","1,088,700,000","965,800,000","859,800,000","752,000,000","632,600,000","540,500,000","465,300,000"
TotalUnusualItemsExcludingGoodwill,"-8,000,000","-41,000,000","-2,000,000","-1,000,000","8,000,000","-70,000,000","-195,000,000","34,000,000","-495,000,000","93,000,000","6,000,000","-46,000,000","-1,320,000,000","20,000,000","-302,276,000","-1,411,078,000","392,436,000","-150,523,000","-1,963,313,000","-47,205,000","-277,623,000","459,264,000","266,822,000","-1,106,525,000","577,560,000","329,300,000","226,800,000","186,300,000","147,900,000","30,164,000","35,298,000","105,726,000","265,700,000","51,000,000","36,100,000","47,500,000","38,500,000","9,000,000","26,400,000","55,500,000"
TotalUnusualItems,"-8,000,000","-41,000,000","-2,000,000","-1,000,000","8,000,000","-70,000,000","-195,000,000","34,000,000","-495,000,000","93,000,000","6,000,000","-46,000,000","-1,320,000,000","20,000,000","-302,276,000","-1,411,078,000","392,436,000","-150,523,000","-1,963,313,000","-47,205,000","-277,623,000","459,264,000","266,822,000","-1,106,525,000","577,560,000","329,300,000","226,800,000","186,300,000","147,900,000","30,164,000","35,298,000","105,726,000","265,700,000","51,000,000","36,100,000","47,500,000","38,500,000","9,000,000","26,400,000","55,500,000"
NormalizedEBITDA,"10,370,000,000","10,585,000,000","12,133,000,000","12,283,000,000","8,833,000,000","7,831,000,000","7,172,000,000","6,122,000,000","3,692,000,000","4,725,000,000","4,210,000,000","3,951,000,000","4,202,000,000","4,619,000,000","9,192,550,000","11,214,018,000","7,831,153,000","6,583,954,000","7,578,282,000","5,785,543,000","5,743,649,000","3,742,427,000","4,036,445,000","5,498,975,000","3,650,446,000","3,648,000,000","3,677,000,000","3,376,600,000","3,155,300,000","2,919,163,000","2,619,413,000","2,302,321,000","1,688,100,000","1,885,000,000","1,725,900,000","1,481,000,000","1,334,400,000","1,240,400,000","1,051,700,000","837,400,000"
TaxRateForCalcs,"0.146","0.141","0.165","0.139","0.1","0.096","0.188","0.4","0.248","0.181","0.316","0.026","0.35","0.089","0.19","0.201","0.192","0.193","0.246","0.27","0.23","0.261","0.233","0.177","0.27","0.28","0.28","0.292","0.295","0.295","0.3","0.28","0.287","0.295","0.285","0.28","0.287","0.325","0.34","0.33"
TaxEffectOfUnusualItems,"-1,170,072.208","-5,781,000","-330,000","-139,000","800,000","-6,720,000","-36,660,000","13,600,000","-122,760,000","16,833,000","1,896,000","-1,196,000","-462,000,000","1,780,000","-57,432,440","-284,016,516.923","75,191,113.023","-29,074,241.122","-482,654,139.922","-12,750,219.76","-63,912,238.455","119,648,192.379","62,184,954.414","-195,526,345.221","155,941,216.647","92,200,897.877","63,487,769.518","54,310,519.321","43,630,361.491","8,898,378.678","10,589,400","29,603,258.237","76,357,424.661","15,043,711.954","10,289,087.948","13,300,954.614","11,067,746.826","2,925,096.031","8,970,905.093","18,316,198.704"