name,ttm,12/31/2023,12/31/2022,12/31/2021,12/31/2020,12/31/2019,12/31/2018,12/31/2017,12/31/2016,12/31/2015,12/31/2014,12/31/2013,12/31/2012,12/31/2011,12/31/2010,12/31/2009,12/31/2008,12/31/2007,12/31/2006,12/31/2005,12/31/2004,12/31/2003,12/31/2002,12/31/2001,12/31/2000,12/31/1999,12/31/1998,12/31/1997,12/31/1996,12/31/1995,12/31/1994,12/31/1993,12/31/1992,12/31/1991,12/31/1990,12/31/1989,12/31/1988,12/31/1987,12/31/1986,12/31/1985
TotalRevenue,"216,008,000,000","195,187,000,000","180,031,000,000","174,267,000,000","160,550,000,000","153,743,000,000","48,569,000,000","42,043,000,000","40,007,000,000","37,876,000,000","34,914,000,000","32,380,000,000","29,119,000,000","21,631,000,000","21,073,000,000","18,414,000,000","19,101,000,000","17,623,000,000","16,547,000,000","16,684,000,000","18,176,000,000","18,808,000,000","19,348,000,000","18,607,000,000","19,526,000,000","18,726,000,000","17,651,000,000","11,781,000,000","18,950,000,000","18,955,000,000","18,392,000,000","13,712,000,000","13,924,000,000","14,295,000,000","13,986,000,000","11,494,000,000",,,,
	TotalPremiumsEarned,"45,230,000,000","44,237,000,000","39,916,000,000","41,154,000,000","42,627,000,000","39,714,000,000","36,113,000,000","32,491,000,000","30,824,000,000","29,642,000,000","27,214,000,000","25,575,000,000","23,017,000,000","18,966,000,000","18,274,000,000","16,041,000,000","16,253,000,000","15,008,000,000","13,641,000,000","13,695,000,000","14,236,000,000","15,460,000,000","15,737,000,000","14,860,000,000","15,862,000,000","15,029,000,000","13,456,000,000","11,781,000,000","13,916,000,000","13,914,000,000","13,912,000,000","13,712,000,000","13,924,000,000","14,295,000,000","13,986,000,000","11,494,000,000",,,,
		NetPremiumsWritten,,"44,237,000,000","39,916,000,000","41,154,000,000","42,627,000,000","39,714,000,000","36,113,000,000","32,491,000,000","30,824,000,000","29,642,000,000","27,214,000,000","25,575,000,000","23,017,000,000","18,966,000,000","18,274,000,000",,,,,,,,,,,,,,,,,,,,,,,,,
			GrossPremiumsWritten,,"44,725,000,000","40,467,000,000","41,700,000,000","43,126,000,000","40,211,000,000","36,609,000,000","32,915,000,000","31,337,000,000","30,212,000,000","27,817,000,000","26,118,000,000","23,485,000,000","19,413,000,000","18,711,000,000",,,,,,,,,,,,,,,,,,,,,,,,,
			CededPremiums,,"-488,000,000","-551,000,000","-546,000,000","-499,000,000","-497,000,000","-496,000,000","-424,000,000","-513,000,000","-570,000,000","-603,000,000","-543,000,000","-468,000,000","-447,000,000","-437,000,000",,,,,,,,,,,,,,,,,,,,,,,,,
	NetInvestmentIncome,"-1,754,000,000","71,000,000","28,000,000","66,000,000","55,000,000","1,378,000,000","1,433,000,000","1,195,000,000","1,089,000,000","1,041,000,000","1,130,000,000","1,153,000,000","1,133,000,000","886,000,000","1,049,000,000","1,014,000,000","1,063,000,000","1,114,000,000",,,,,,,,,,,,,,,,,,,,,,
	NetRealizedGainLossOnInvestments,"1,044,000,000","1,017,000,000","640,000,000","1,681,000,000","1,338,000,000","189,000,000","-34,000,000","268,000,000","227,000,000","169,000,000","190,000,000","224,000,000","55,000,000","88,000,000","76,000,000","-43,000,000","-170,000,000","15,000,000",,,,,,,,,,,,,,,,,,,,,,
	FeeRevenueAndOtherIncome,"171,488,000,000","149,862,000,000","139,447,000,000","131,366,000,000","116,530,000,000","112,462,000,000","11,057,000,000","8,089,000,000","7,867,000,000","7,024,000,000","6,380,000,000","5,428,000,000","4,914,000,000","1,691,000,000","1,674,000,000","1,402,000,000","1,955,000,000","1,486,000,000","2,906,000,000","2,989,000,000","3,940,000,000","3,348,000,000","3,611,000,000","3,747,000,000","3,664,000,000","3,697,000,000","4,195,000,000","5,103,000,000","5,034,000,000","5,041,000,000","4,480,000,000",,,,,,,,,
		FeesAndCommissions,"13,216,000,000","12,619,000,000","10,881,000,000","9,953,000,000","8,761,000,000","9,363,000,000","5,578,000,000","5,110,000,000","4,901,000,000","4,488,000,000","4,141,000,000","3,601,000,000","3,291,000,000",,,,,,,,,,,,,,,,,,,,,,,,,,,
		OtherIncomeExpense,"158,272,000,000","137,243,000,000","128,566,000,000","121,413,000,000","107,769,000,000","103,099,000,000","5,479,000,000","2,979,000,000","2,966,000,000","2,536,000,000","2,239,000,000","1,827,000,000","1,623,000,000","1,691,000,000","1,674,000,000","1,402,000,000","1,955,000,000","1,486,000,000","2,906,000,000","2,989,000,000","3,940,000,000","3,348,000,000","3,611,000,000","3,747,000,000","3,664,000,000","3,697,000,000","4,195,000,000","5,103,000,000","5,034,000,000","5,041,000,000","4,480,000,000",,,,,,,,,
TotalExpenses,"211,912,000,000","189,674,000,000","171,634,000,000","167,477,000,000","149,682,000,000","147,173,000,000","44,988,000,000","38,437,000,000","37,028,000,000","34,549,000,000","31,610,000,000","30,204,000,000","26,642,000,000","19,755,000,000","19,271,000,000","16,516,000,000","18,719,000,000","15,992,000,000","14,816,000,000","14,891,000,000","15,801,000,000","17,960,000,000","19,917,000,000","17,618,000,000","18,497,000,000","17,507,000,000","15,793,000,000","18,388,000,000","17,349,000,000","18,704,000,000","17,587,000,000",,,,,,,,,
	LossAdjustmentExpense,"37,162,000,000","36,287,000,000","32,184,000,000","33,565,000,000","32,710,000,000","30,819,000,000","27,528,000,000","25,263,000,000","24,341,000,000","25,424,000,000","23,241,000,000","22,374,000,000","19,228,000,000","13,693,000,000","13,402,000,000","10,334,000,000","11,537,000,000","10,199,000,000","6,111,000,000","6,305,000,000","6,616,000,000","8,068,000,000","14,314,000,000","12,426,000,000","13,487,000,000","12,464,000,000","11,614,000,000","13,029,000,000","12,473,000,000","13,855,000,000","12,926,000,000",,,,,,,,,
		NetPolicyholderBenefitsAndClaims,"37,162,000,000","36,287,000,000","32,184,000,000","33,565,000,000","32,710,000,000","30,819,000,000","27,528,000,000","25,263,000,000","24,341,000,000","25,424,000,000","23,241,000,000","22,374,000,000","19,228,000,000","13,693,000,000","13,402,000,000","10,334,000,000","11,537,000,000","10,199,000,000","6,111,000,000","6,305,000,000","6,616,000,000","8,068,000,000","14,314,000,000","12,426,000,000","13,487,000,000","12,464,000,000","11,614,000,000","13,029,000,000","12,473,000,000","13,855,000,000","12,926,000,000",,,,,,,,,
	SellingGeneralAndAdministration,"15,239,000,000","14,822,000,000","13,174,000,000","13,012,000,000","14,072,000,000","14,053,000,000","11,934,000,000","10,030,000,000","9,790,000,000",,,,,"5,901,000,000","5,744,000,000","5,284,000,000","5,531,000,000","4,742,000,000",,,,,,,,,,,,,,,,,,,,,,
		GeneralAndAdministrativeExpense,,,,,,,,,,,,"7,566,000,000",,,,,,,,,,,,,,,,,,,,,,,,,,,,
	DepreciationAndAmortizationInIncomeStatement,"1,748,000,000","1,819,000,000","1,876,000,000","1,998,000,000","1,982,000,000","2,949,000,000","235,000,000","115,000,000","151,000,000","143,000,000","195,000,000","235,000,000",,,,,,,,,,,,,,,,,,,,,,,,,,,,
		Amortization,"1,748,000,000","1,819,000,000","1,876,000,000","1,998,000,000","1,982,000,000","2,949,000,000","235,000,000","115,000,000","151,000,000","143,000,000","195,000,000","235,000,000",,,,,,,,,,,,,,,,,,,,,,,,,,,,
	NetNonOperatingInterestIncomeExpense,"-1,422,000,000","-1,446,000,000","-1,228,000,000","-1,208,000,000","-1,438,000,000","-1,682,000,000","-498,000,000","-252,000,000","-278,000,000",,,,,"-202,000,000","-182,000,000","-166,000,000",,,,,,,,,,,,,,,,,,,,,,,,
		InterestExpenseNonOperating,"1,422,000,000","1,446,000,000","1,228,000,000","1,208,000,000","1,438,000,000","1,682,000,000","498,000,000","252,000,000","278,000,000",,,,,"202,000,000","182,000,000","166,000,000",,,,,,,,,,,,,,,,,,,,,,,,
	SpecialIncomeCharges,"-1,518,000,000","-1,499,000,000","1,662,000,000","-141,000,000","4,004,000,000","-2,000,000","0","-321,000,000","0",,,,,,,,,,,,,,,,,,,,,,,,,,,,,,,
		OtherSpecialCharges,,"1,499,000,000","-1,662,000,000","141,000,000","-4,004,000,000","2,000,000",,"321,000,000",,,,,,,,,,,,,,,,,,,,,,,,,,,,,,,,
	OtherOperatingExpenses,"154,823,000,000","133,801,000,000","124,834,000,000","117,553,000,000","103,484,000,000","97,668,000,000","4,793,000,000","2,456,000,000","2,468,000,000","8,982,000,000","8,174,000,000","7,595,000,000","7,414,000,000","6,062,000,000","5,869,000,000","732,000,000","1,651,000,000","1,051,000,000","8,705,000,000","8,586,000,000","9,185,000,000","9,892,000,000","5,603,000,000","5,192,000,000","5,010,000,000","5,043,000,000","4,179,000,000","5,359,000,000","4,876,000,000","4,849,000,000","4,661,000,000",,,,,,,,,
PretaxIncome,"4,096,000,000","5,513,000,000","8,397,000,000","6,790,000,000","10,868,000,000","6,570,000,000","3,581,000,000","3,606,000,000","2,979,000,000","3,327,000,000","3,304,000,000","2,176,000,000","2,477,000,000","1,876,000,000","1,802,000,000","1,898,000,000","382,000,000","1,631,000,000","1,731,000,000","1,793,000,000","2,375,000,000","848,000,000","-569,000,000","0","0","1,219,000,000","1,858,000,000","0","1,601,000,000","251,000,000","805,000,000","0","0","0","0","0","0","0","0","0"
TaxProvision,"123,000,000","141,000,000","1,615,000,000","1,370,000,000","2,379,000,000","1,450,000,000","935,000,000","1,374,000,000","1,136,000,000","1,250,000,000","1,210,000,000","698,000,000","853,000,000","615,000,000","519,000,000","594,000,000","92,000,000","511,000,000","572,000,000","517,000,000","798,000,000","264,000,000","-172,000,000","498,000,000","506,000,000","520,000,000","672,000,000","416,000,000","545,000,000","40,000,000","251,000,000","-69,000,000","-158,000,000","131,000,000","34,000,000","134,000,000","97,900,000","147,400,000","166,000,000","-300,000"
EarningsFromEquityInterestNetOfTax,,,,,,,,,,,,,,,,,,,,,,,,"1,419,000,000","1,445,000,000",,,"1,228,000,000",,,,"165,000,000","179,000,000","584,000,000","352,000,000","592,000,000","515,900,000","763,900,000","700,900,000","-854,900,000"
NetIncomeCommonStockholders,"3,708,000,000","5,164,000,000","6,704,000,000","5,370,000,000","8,458,000,000","5,104,000,000","2,637,000,000","2,237,000,000","1,867,000,000","2,094,000,000","2,102,000,000","1,476,000,000","1,623,000,000","1,260,000,000","1,279,000,000","1,302,000,000","292,000,000","1,115,000,000","1,155,000,000","1,625,000,000","1,438,000,000","632,000,000","-447,000,000","939,000,000","945,000,000","1,774,000,000","1,292,000,000","1,086,000,000","1,056,000,000","211,000,000","554,000,000","234,000,000","311,000,000","449,000,000","330,000,000","549,000,000","446,200,000","641,800,000","482,800,000","-854,600,000"
	NetIncome,"3,708,000,000","5,164,000,000","6,704,000,000","5,370,000,000","8,458,000,000","5,104,000,000","2,637,000,000","2,237,000,000","1,867,000,000","2,094,000,000","2,102,000,000","1,476,000,000","1,623,000,000","1,260,000,000","1,279,000,000","1,302,000,000","292,000,000","1,115,000,000","1,155,000,000","1,625,000,000","1,438,000,000","632,000,000","-447,000,000","939,000,000","945,000,000","1,774,000,000","1,292,000,000","1,086,000,000","1,056,000,000","211,000,000","554,000,000","234,000,000","311,000,000","449,000,000","330,000,000","562,000,000","472,200,000","685,600,000","534,900,000","-854,600,000"
		NetIncomeIncludingNoncontrollingInterests,"3,973,000,000","5,372,000,000","6,782,000,000","5,420,000,000","8,489,000,000","5,120,000,000","2,646,000,000","2,232,000,000","1,843,000,000","2,077,000,000","2,094,000,000","1,478,000,000","1,624,000,000","1,261,000,000","1,283,000,000","1,305,000,000","294,000,000","1,115,000,000","1,155,000,000","1,625,000,000","1,438,000,000","632,000,000","-447,000,000","939,000,000","945,000,000","1,774,000,000","1,292,000,000","1,086,000,000","1,056,000,000","211,000,000","554,000,000","234,000,000","311,000,000","449,000,000","330,000,000","562,000,000","472,200,000","685,600,000","534,900,000","-854,600,000"
			NetIncomeContinuousOperations,"3,973,000,000","5,372,000,000","6,782,000,000","5,420,000,000","8,489,000,000","5,120,000,000","2,646,000,000","2,232,000,000","1,843,000,000","2,077,000,000","2,094,000,000","1,478,000,000","1,624,000,000","1,261,000,000","1,283,000,000","1,304,000,000","290,000,000","1,120,000,000","1,159,000,000","1,276,000,000","1,577,000,000","584,000,000","-446,000,000","921,000,000","939,000,000","699,000,000","1,186,000,000","812,000,000","1,056,000,000","211,000,000","554,000,000","234,000,000","337,000,000","453,000,000","318,000,000","458,000,000","418,000,000","616,500,000","534,900,000","-854,600,000"
			NetIncomeDiscontinuousOperations,,,,,,,,,,,,,,"0","0","1,000,000","4,000,000","-5,000,000","-4,000,000","349,000,000","0","48,000,000","-1,000,000","18,000,000","6,000,000","1,166,000,000","106,000,000","274,000,000",,,,,,,"12,000,000","104,000,000","54,200,000","69,100,000",,
			NetIncomeExtraordinary,,,,,,,,,,,,,,,,,,,"0","0","-139,000,000","0","0","0","0","-91,000,000","0",,,,"0",,"-26,000,000",,,,,,,
			NetIncomeFromTaxLossCarryforward,,,,,,,,,,,,,,,,,,,,,,,,,,,,,,,,,,"-4,000,000",,,,,,
		MinorityInterests,"-265,000,000","-208,000,000","-78,000,000","-50,000,000","-31,000,000","-16,000,000","-9,000,000","5,000,000","24,000,000","17,000,000","8,000,000","-2,000,000","-1,000,000","-1,000,000","-4,000,000","-3,000,000","-2,000,000",,,,,,,,,,,,,,,,,,,,,,,
	PreferredStockDividends,,,,,,,,,,,,,,,,,,,,,,,,,,,,,,,,,,,,"13,000,000","26,000,000","43,800,000","52,100,000",
AverageDilutionEarnings,,,,,,,,,,,"0","0","0","0","0",,,,,,,,,,,,,,,,,,,,,,,,,
DilutedNIAvailtoComStockholders,"3,708,000,000","5,164,000,000","6,704,000,000","5,370,000,000","8,458,000,000","5,104,000,000","2,637,000,000","2,237,000,000","1,867,000,000","2,094,000,000","2,102,000,000","1,476,000,000","1,623,000,000","1,260,000,000","1,279,000,000","1,302,000,000","292,000,000","1,115,000,000","1,155,000,000","1,625,000,000","1,438,000,000","632,000,000","-447,000,000","939,000,000","945,000,000","1,774,000,000","1,292,000,000","1,086,000,000","1,056,000,000","211,000,000","554,000,000","234,000,000","311,000,000","449,000,000","330,000,000","549,000,000","446,200,000","641,800,000","482,800,000","-854,600,000"
BasicEPS,"12.81","17.57","21.299","15.89","23.17","13.58","10.69","9.169","7.31","8.17","7.97","5.28","5.7","4.65","4.69","4.75","1.05","3.94","3.49","4.253","3.513","1.507","-1.057","2.077","1.96","3.04","2.04","1.642","1.539","0.318","0.851","0.363","0.483","0.696","0.483","0.776","0.629","0.899","0.703","-1.382"
DilutedEPS,"12.67","17.39","21.299","15.75","22.96","13.44","10.54","9.169","7.19","8.04","7.83","5.18","5.61","4.59","4.65","4.73","1.05","3.87","3.43","4.173","3.477","1.5","-1.06","2.077","1.947","2.997","2.017","1.625","1.539","0.318","0.851","0.363","0.483","0.696","0.483","0.776","0.629","0.899","0.703","-1.382"
BasicAverageShares,"288,239,000","293,892,000","313,065,000","337,962,000","364,979,000","375,919,000","246,652,000","243,967,000","255,360,000","256,149,000","263,889,000","279,296,000","284,819,000","270,691,000","272,866,000","274,058,000","277,317,000","283,191,000","330,945,559","382,053,292","409,297,913","419,469,027","423,028,391","452,166,934","482,142,857","583,552,632","633,333,333","661,513,440","686,209,386","663,986,014","650,913,838","644,681,379","644,092,368","645,142,750","683,442,063","707,574,527","708,962,931","713,824,936","687,132,630","618,401,534"
DilutedAverageShares,"291,356,000","296,882,000","313,065,000","340,966,000","368,389,000","379,817,000","246,652,000","243,967,000","259,647,000","260,592,000","268,603,000","284,685,000","289,530,000","274,249,000","275,287,000","275,357,000","278,843,000","283,191,000","336,734,694","389,376,997","413,614,573","421,333,333","423,028,391","452,166,934","485,445,205","591,991,101","640,661,157","668,291,242","686,662,272","663,986,014","653,284,864","644,681,379","644,092,368","645,142,750","683,442,063","707,574,527","708,962,931","713,824,936","687,132,630","618,401,534"
NetIncomeFromContinuingAndDiscontinuedOperation,"3,708,000,000","5,164,000,000","6,704,000,000","5,370,000,000","8,458,000,000","5,104,000,000","2,637,000,000","2,237,000,000","1,867,000,000","2,094,000,000","2,102,000,000","1,476,000,000","1,623,000,000","1,260,000,000","1,279,000,000","1,302,000,000","292,000,000","1,115,000,000","1,155,000,000","1,625,000,000","1,577,000,000","632,000,000","-447,000,000","939,000,000","945,000,000","1,865,000,000","1,292,000,000","1,086,000,000","1,056,000,000","211,000,000","554,000,000","234,000,000","337,000,000","453,000,000","330,000,000","562,000,000","472,200,000","685,600,000","534,900,000","-854,600,000"
NormalizedIncome,"5,180,415,527.344","6,624,026,000","5,361,104,000","5,482,518,000","5,330,876,000","5,105,558,000","2,637,000,000","2,435,699,000","1,867,000,000","2,094,000,000","2,102,000,000","1,476,000,000","1,623,000,000","1,260,000,000","1,279,000,000","1,301,000,000","288,000,000","1,120,000,000","1,159,000,000","1,276,000,000","1,577,000,000","584,000,000","-446,000,000","921,000,000","939,000,000","699,000,000","1,186,000,000","812,000,000","1,056,000,000","211,000,000","554,000,000","234,000,000","337,000,000","453,000,000","318,000,000","458,000,000","418,000,000","616,500,000","534,900,000","-854,600,000"
EBIT,"5,518,000,000","6,959,000,000","9,625,000,000","7,998,000,000","12,306,000,000","8,252,000,000","4,079,000,000","3,858,000,000","3,257,000,000",,,"2,440,000,000",,"2,170,000,000","2,052,000,000","2,064,000,000",,,"1,731,000,000","1,793,000,000",,"903,000,000",,,"1,497,000,000",,,,,,,,,,,,,,,
ReconciledDepreciation,"3,010,000,000","3,035,000,000","2,937,000,000","2,923,000,000","2,802,000,000","3,651,000,000","695,000,000","566,000,000","610,000,000","585,000,000","588,000,000","597,000,000","560,000,000","345,000,000","292,000,000","268,000,000","244,000,000","194,000,000","208,000,000","221,000,000","230,000,000","246,000,000","221,000,000","235,000,000","221,000,000","225,000,000","218,000,000","179,000,000",,,,,,,,,,,,
NetIncomeFromContinuingOperationNetMinorityInterest,"3,708,000,000","5,164,000,000","6,704,000,000","5,370,000,000","8,458,000,000","5,104,000,000","2,637,000,000","2,237,000,000","1,867,000,000","2,094,000,000","2,102,000,000","1,476,000,000","1,623,000,000","1,260,000,000","1,279,000,000","1,301,000,000","288,000,000","1,120,000,000","1,159,000,000","1,276,000,000","1,577,000,000","584,000,000","-446,000,000","921,000,000","939,000,000","699,000,000","1,186,000,000","812,000,000","1,056,000,000","211,000,000","554,000,000","234,000,000","337,000,000","453,000,000","318,000,000","458,000,000","418,000,000","616,500,000","534,900,000","-854,600,000"
TotalUnusualItemsExcludingGoodwill,"-1,518,000,000","-1,499,000,000","1,662,000,000","-141,000,000","4,004,000,000","-2,000,000","0","-321,000,000","0",,,,,,,,,,,,,,,,,,,,,,,,,,,,,,,
TotalUnusualItems,"-1,518,000,000","-1,499,000,000","1,662,000,000","-141,000,000","4,004,000,000","-2,000,000","0","-321,000,000","0",,,"0",,,,,,,,,,,,,,,,,,,,,,,,,,,,
TaxRateForCalcs,"0.03","0.026","0.192","0.202","0.219","0.221","0.261","0.381","0.381","0.376","0.366","0.321","0.344","0.328","0.288","0.313","0.241","0.313","0.33","0.288","0.336","0.311","0.4","0","0","0.4","0.362","0","0.34","0.159","0.312","0","0","0","0","0","0","0","0","0"
TaxEffectOfUnusualItems,"-45,584,472.656","-38,974,000","319,104,000","-28,482,000","876,876,000","-442,000","0","-122,301,000","0","0","0","0","0","0","0","0","0","0","0","0","0","0","0","0","0","0","0","0","0","0","0","0","0","0","0","0","0","0","0","0"
InterestExpense,"1,422,000,000","1,446,000,000","1,228,000,000","1,208,000,000","1,438,000,000","1,682,000,000","498,000,000","252,000,000","278,000,000",,,"264,000,000",,"202,000,000","182,000,000","166,000,000",,,,,,,,,,,,,,,,,,,,,,,,