name,ttm,12/31/2023,12/31/2022,12/31/2021,12/31/2020,12/31/2019,12/31/2018,12/31/2017,12/31/2016,12/31/2015,12/31/2014,12/31/2013,12/31/2012,12/31/2011,12/31/2010,12/31/2009,12/31/2008,12/31/2007,12/31/2006,12/31/2005,12/31/2004,12/31/2003,12/31/2002,12/31/2001,12/31/2000,12/31/1999
TotalRevenue,"4,429,000,000","4,504,000,000","4,584,000,000","4,526,000,000","3,239,000,000","3,543,000,000","3,333,000,000","2,752,000,000","2,398,000,000","2,220,000,000","1,861,358,000","1,421,178,000","1,148,516,000","1,055,535,000","902,741,000","666,324,000","573,225,000","366,799,000","184,586,000","73,501,000","50,583,000","28,035,000","10,040,000","2,486,000","1,309,000","474,026"
	OperatingRevenue,"4,429,000,000","4,504,000,000","4,584,000,000","4,526,000,000","3,239,000,000","3,543,000,000","3,333,000,000","2,752,000,000","2,398,000,000","2,220,000,000","1,861,358,000","1,421,178,000","1,148,516,000","1,055,535,000","902,741,000","666,324,000","573,225,000","366,799,000","184,586,000","73,501,000","50,583,000","28,035,000","10,040,000","2,486,000","1,309,000","474,026"
CostOfRevenue,"1,683,000,000","1,760,000,000","1,612,000,000","1,372,000,000","1,036,000,000","1,076,000,000","1,033,000,000","926,000,000","732,000,000","671,000,000","563,648,000","509,291,000","374,988,000","346,437,000","301,201,000","205,769,000","205,624,000","132,436,000","59,344,000","23,181,000","13,259,000","10,037,000","3,536,000","557,000","-398,000","-96,367"
GrossProfit,"2,746,000,000","2,744,000,000","2,972,000,000","3,154,000,000","2,203,000,000","2,467,000,000","2,300,000,000","1,826,000,000","1,666,000,000","1,549,000,000","1,297,710,000","911,887,000","773,528,000","709,098,000","601,540,000","460,555,000","367,601,000","234,363,000","125,242,000","50,320,000","37,324,000","17,998,000","6,504,000","1,929,000","1,707,000","570,393"
OperatingExpense,"2,676,000,000","2,966,000,000","2,618,000,000","3,277,000,000","1,623,000,000","1,482,000,000","1,417,000,000","1,220,000,000","1,088,000,000","917,000,000","854,338,000","657,783,000","517,016,000","458,756,000","398,401,000","334,958,000","258,415,000","232,173,000","87,430,000","55,967,000","42,837,000","44,620,000","48,359,000","32,248,000","24,942,000","6,488,802"
	SellingGeneralAndAdministration,"1,361,000,000","1,612,000,000","1,297,000,000","2,092,000,000","941,000,000","835,000,000","794,000,000","674,000,000","584,000,000","516,000,000","466,283,000","381,040,000","285,991,000","261,843,000","220,454,000","176,337,000","148,014,000","101,256,000","54,057,000","27,972,000","25,080,000","18,899,000","9,099,000","5,663,000","4,193,000","1,348,870"
	ResearchAndDevelopment,"1,315,000,000","1,354,000,000","1,321,000,000","1,185,000,000","682,000,000","647,000,000","623,000,000","546,000,000","504,000,000","401,000,000","388,055,000","276,743,000","231,025,000","196,913,000","177,947,000","140,616,000","99,963,000","73,943,000","33,373,000","27,725,000","21,114,000","22,511,000","26,848,000","20,735,000","13,554,000","4,085,743"
	DepreciationAmortizationDepletionIncomeStatement,,,,,,,,,,,,,,,"7,805,000","6,680,000","10,438,000","2,429,000",,"270,000","844,000","2,454,000","4,360,000","5,850,000","7,195,000","1,054,189"
		DepreciationAndAmortizationInIncomeStatement,,,,,,,,,,,,,,,"7,805,000","6,680,000","10,438,000","2,429,000",,"270,000","844,000","2,454,000","4,360,000","5,850,000","7,195,000","1,054,189"
			Amortization,,,,,,,,,,,,,,,"7,805,000","6,680,000","10,438,000","2,429,000",,"270,000","844,000","2,454,000","4,360,000","5,850,000",,
				AmortizationOfIntangiblesIncomeStatement,,,,,,,,,,,,,,,"7,805,000","6,680,000","10,438,000","2,429,000",,"270,000","844,000","2,454,000","4,360,000","5,850,000",,
	OtherOperatingExpenses,,,,,,,,,,,,,,,"-9,051,000","11,325,000","4,069,000","54,545,000",,,"-4,201,000","756,000","8,052,000",,,
OperatingIncome,"70,000,000","-222,000,000","354,000,000","-123,000,000","580,000,000","985,000,000","883,000,000","606,000,000","578,000,000","632,000,000","443,372,000","254,104,000","256,512,000","250,342,000","203,139,000","125,597,000","109,186,000","2,190,000","37,812,000","-5,647,000","-5,513,000","-26,622,000","-41,855,000","-30,319,000","-23,235,000","-5,918,409"
NetNonOperatingInterestIncomeExpense,"-28,000,000","-19,000,000","-15,000,000","-61,000,000","-8,000,000","23,000,000","-13,000,000","-18,000,000","-23,000,000","-38,000,000","-37,827,000","-34,803,000","-21,571,000","-27,738,000","-16,220,000","-12,689,000","-9,691,000",,,,,,,,,
	InterestIncomeNonOperating,"49,000,000","58,000,000","11,000,000","0","41,000,000","75,000,000","44,000,000","19,000,000","10,000,000","5,000,000","3,901,000","4,887,000","16,208,000","7,052,000","8,378,000","11,029,000","12,519,000",,,,,,,,,
	InterestExpenseNonOperating,"77,000,000","77,000,000","26,000,000","61,000,000","49,000,000","52,000,000","57,000,000","37,000,000","33,000,000","43,000,000","41,728,000","39,690,000","37,779,000","34,790,000","24,598,000","23,718,000","22,210,000",,,,,,,,,
OtherIncomeExpense,"-3,078,000,000","-876,000,000","-4,675,000,000","1,068,000,000","284,000,000","110,000,000","24,000,000","455,000,000","6,000,000","-11,000,000","43,213,000","-59,987,000","-12,333,000","-89,559,000","-1,540,000","1,217,000","-26,808,000","-357,936,000",,"-15,800,000","4,201,000","-756,000","-8,052,000",,,
	GainOnSaleOfSecurity,,"-30,000,000","-129,000,000","973,000,000",,,,,,"16,000,000","4,427,000","61,357,000","45,911,000",,"-10,309,000",,,,,,,,,,,
	SpecialIncomeCharges,"-2,736,000,000","-847,000,000","-4,533,000,000","86,000,000",,,"0","0","9,000,000","-19,000,000","71,339,000","-119,997,000","-55,760,000","-50,881,000","8,515,000","1,217,000","-26,808,000","-357,936,000",,"-15,800,000","4,201,000","-756,000","-8,052,000",,,
		RestructuringAndMergernAcquisition,,"0","0","-86,000,000",,,,,"1,486,000","-8,735,000","2,999,000","-8,993,000","32,624,000","50,881,000","-8,515,000",,,,,,,,,,,
		ImpairmentOfCapitalAssets,"2,716,000,000","827,000,000","3,914,000,000","0",,,,,,,,,,,"0","0","4,069,000",,,,,,,,,
		OtherSpecialCharges,,"20,000,000","619,000,000",,,,,,"-9,000,000","19,000,000","-74,338,000","128,990,000","23,136,000","38,678,000","10,055,000","-1,217,000","22,739,000",,,,,,,,,
	OtherNonOperatingIncomeExpenses,"-312,000,000","1,000,000","-13,000,000","9,000,000","284,000,000","110,000,000","24,000,000","455,000,000","-3,000,000","-8,000,000","-32,553,000","-1,347,000","-2,484,000","-38,678,000","254,000",,,,,,,,,,,
PretaxIncome,"-3,036,000,000","-1,117,000,000","-4,336,000,000","884,000,000","856,000,000","1,118,000,000","894,000,000","1,043,000,000","561,000,000","583,000,000","448,758,000","159,314,000","222,608,000","133,045,000","185,379,000","114,125,000","72,687,000","-288,785,000","42,620,000",,,,,,,
TaxProvision,"8,000,000","44,000,000","68,000,000","122,000,000","200,000,000","128,000,000","112,000,000","365,000,000","133,000,000","125,000,000","95,407,000","34,006,000","71,354,000","46,417,000","60,488,000","41,844,000","33,271,000","-10,426,000","2,652,000",,,,,,,
NetIncomeCommonStockholders,"-3,044,000,000","-1,161,000,000","-4,404,000,000","762,000,000","656,000,000","1,002,000,000","826,000,000","725,000,000","454,000,000","462,000,000","353,351,000","125,308,000","151,254,000","86,628,000","124,891,000","72,281,000","39,416,000","-278,359,000","39,968,000","-20,874,000","-6,225,000","-27,063,000","-40,331,000","-24,823,000","-18,606,000","-5,517,645"
	NetIncome,"-3,044,000,000","-1,161,000,000","-4,404,000,000","762,000,000","656,000,000","1,002,000,000","826,000,000","726,000,000","463,000,000","462,000,000","353,351,000","125,308,000","151,254,000","86,628,000","124,891,000","72,281,000","39,416,000","-278,359,000","39,968,000","-20,874,000","-6,225,000","-27,063,000","-40,331,000","-24,823,000","-18,606,000","-5,517,645"
		NetIncomeIncludingNoncontrollingInterests,"-3,044,000,000","-1,161,000,000","-4,404,000,000","762,000,000","656,000,000","990,000,000","782,000,000","678,000,000","428,000,000","458,000,000","353,351,000","125,308,000","151,254,000","86,628,000","124,891,000","72,281,000","39,416,000","-278,359,000","39,968,000","-20,874,000","-6,225,000","-27,063,000","-40,331,000","-24,823,000","-18,606,000","-5,517,645"
			NetIncomeContinuousOperations,"-3,044,000,000","-1,161,000,000","-4,404,000,000","762,000,000","656,000,000","990,000,000","782,000,000","678,000,000","428,000,000","458,000,000","353,351,000","125,308,000","151,254,000","86,628,000","124,891,000","72,281,000","39,416,000","-278,359,000","39,968,000","-20,874,000","-6,225,000","-27,063,000","-40,331,000","-24,823,000","-18,606,000","-5,517,645"
		MinorityInterests,,,,"0","0","12,000,000","44,000,000","48,000,000","35,000,000","4,000,000","0","0",,,,,,,,,,,,,,
	OtherunderPreferredStockDividend,,,,,,"0","0","1,000,000","9,000,000","0","0",,,,,,,,,,,,,,,
DilutedNIAvailtoComStockholders,"-3,044,000,000","-1,161,000,000","-4,404,000,000","762,000,000","656,000,000","1,002,000,000","826,000,000","725,000,000","454,000,000","462,000,000","353,351,000","125,308,000","151,254,000","86,628,000","124,891,000","72,281,000","39,416,000","-278,359,000","39,968,000","-20,874,000","-6,225,000","-27,063,000","-40,331,000","-24,823,000","-18,606,000","-5,517,645"
BasicEPS,"-19.16","-7.34","-28","5.07","4.48","6.81","5.63","4.96","3.09","3.19","2.61","1","1.23","0.7","1.01","0.59","0.34","-2.57","0.45","-0.26","-0.085","-0.425","-0.655","-0.415","-0.685","-1.955"
DilutedEPS,"-19.16","-7.34","-28","5.04","4.45","6.74","5.56","4.92","3.07","3.1","2.37","0.9","1.13","0.62","0.87","0.53","0.3","-2.57","0.41","-0.26","-0.085","-0.425","-0.655","-0.415","-0.685","-1.955"
BasicAverageShares,"158,500,000","158,000,000","157,000,000","150,000,000","147,000,000","147,000,000","147,000,000","146,000,000","146,788,000","144,826,000","135,553,000","125,076,000","122,999,000","123,399,000","123,581,000","123,154,000","116,855,000","108,308,000","89,002,000","80,294,000","71,690,000","63,850,000","61,780,000","59,496,000","27,114,000","2,820,450"
DilutedAverageShares,"158,500,000","158,000,000","157,000,000","151,000,000","148,000,000","149,000,000","149,000,000","148,000,000","148,040,000","149,069,000","148,977,000","139,936,000","133,693,000","138,937,000","143,433,000","137,096,000","133,607,000","108,308,000","97,508,000","80,294,000","71,690,000","63,850,000","61,780,000","59,496,000","27,114,000","2,820,450"
TotalOperatingIncomeAsReported,"-2,666,000,000","-1,069,000,000","-4,179,000,000","-123,000,000","580,000,000","985,000,000","883,000,000","606,000,000","587,000,000","613,000,000","514,711,000","134,107,000","200,752,000","199,461,000","211,654,000","125,597,000","80,457,000","-301,210,000","37,812,000","-21,447,000","-5,513,000","-26,622,000","-41,855,000","-30,319,000","-23,235,000","-5,918,409"
TotalExpenses,"4,359,000,000","4,726,000,000","4,230,000,000","4,649,000,000","2,659,000,000","2,558,000,000","2,450,000,000","2,146,000,000","1,820,000,000","1,588,000,000","1,417,986,000","1,167,074,000","892,004,000","805,193,000","699,602,000","540,727,000","464,039,000","364,609,000","146,774,000","79,148,000","56,096,000","54,657,000","51,895,000","32,805,000","24,544,000","6,392,435"
NetIncomeFromContinuingAndDiscontinuedOperation,"-3,044,000,000","-1,161,000,000","-4,404,000,000","762,000,000","656,000,000","1,002,000,000","826,000,000","726,000,000","463,000,000","462,000,000","353,351,000","125,308,000","151,254,000","86,628,000","124,891,000","72,281,000","39,416,000","-278,359,000","39,968,000","-20,874,000","-6,225,000","-27,063,000","-40,331,000","-24,823,000","-18,606,000","-5,517,645"
NormalizedIncome,"-858,860,000","-468,170,000","-721,020,000","-150,858,000","656,000,000","1,002,000,000","826,000,000","726,000,000","456,133,000","464,352,000","293,723,158","171,457,680","157,941,471","119,751,531","126,100,156","71,510,213.783","56,841,200","66,654,442.61","39,968,000","-11,394,000","-8,745,600","-26,609,400","-35,499,800","-24,823,000","-18,606,000","-5,517,645"
InterestIncome,"49,000,000","58,000,000","11,000,000","0","41,000,000","75,000,000","44,000,000","19,000,000","10,000,000","5,000,000","3,901,000","4,887,000","16,208,000","7,052,000","8,378,000","11,029,000","12,519,000",,,,,,,,,
InterestExpense,"77,000,000","77,000,000","26,000,000","61,000,000","49,000,000","52,000,000","57,000,000","37,000,000","33,000,000","43,000,000","41,728,000","39,690,000","37,779,000","34,790,000","24,598,000","23,718,000","22,210,000",,,,,,,,,
NetInterestIncome,"-28,000,000","-19,000,000","-15,000,000","-61,000,000","-8,000,000","23,000,000","-13,000,000","-18,000,000","-23,000,000","-38,000,000","-37,827,000","-34,803,000","-21,571,000","-27,738,000","-16,220,000","-12,689,000","-9,691,000",,,,,,,,,
EBIT,"-2,959,000,000","-1,040,000,000","-4,310,000,000","945,000,000","905,000,000","1,170,000,000","951,000,000","1,080,000,000","594,000,000","626,000,000","490,486,000","199,004,000","260,387,000","167,835,000","209,977,000","137,843,000","94,897,000","2,190,000","37,812,000","-5,647,000","-5,513,000","-26,622,000","-41,855,000","-30,319,000","-23,235,000","-5,918,409"
EBITDA,"-2,529,000,000","-608,000,000","-3,916,000,000","1,196,000,000","1,092,000,000","1,358,000,000","1,130,000,000","1,236,000,000","735,000,000","753,000,000","603,060,000","296,929,000","325,706,000","237,027,000","251,986,000","169,027,000","122,620,000","18,014,000","43,520,000","-1,650,000","-515,000","-19,191,000","-32,355,000","-22,556,000","-16,040,000","-4,864,220"
ReconciledCostOfRevenue,"1,683,000,000","1,760,000,000","1,612,000,000","1,372,000,000","1,036,000,000","1,076,000,000","1,033,000,000","926,000,000","732,000,000","671,000,000","563,648,000","509,291,000","374,988,000","346,437,000","301,201,000","181,265,000","188,339,000","119,041,000","59,344,000","19,454,000","9,105,000","5,060,000","3,536,000","557,000","-398,000","-96,367"
ReconciledDepreciation,"430,000,000","432,000,000","394,000,000","251,000,000","187,000,000","188,000,000","179,000,000","156,000,000","141,000,000","127,000,000","112,574,000","97,925,000","65,319,000","69,192,000","42,009,000","31,184,000","27,723,000","15,824,000","5,708,000","3,997,000","4,998,000","7,431,000","9,500,000","7,763,000","7,195,000","1,054,189"
NetIncomeFromContinuingOperationNetMinorityInterest,"-3,044,000,000","-1,161,000,000","-4,404,000,000","762,000,000","656,000,000","1,002,000,000","826,000,000","726,000,000","463,000,000","462,000,000","353,351,000","125,308,000","151,254,000","86,628,000","124,891,000","72,281,000","39,416,000","-278,359,000","39,968,000","-20,874,000","-6,225,000","-27,063,000","-40,331,000","-24,823,000","-18,606,000","-5,517,645"
TotalUnusualItemsExcludingGoodwill,"-2,766,000,000","-877,000,000","-4,662,000,000","1,059,000,000",,,"0","0","9,000,000","-3,000,000","75,766,000","-58,640,000","-9,849,000","-50,881,000","-1,794,000","1,217,000","-26,808,000","-357,936,000",,"-15,800,000","4,201,000","-756,000","-8,052,000",,,
TotalUnusualItems,"-2,766,000,000","-877,000,000","-4,662,000,000","1,059,000,000",,,"0","0","9,000,000","-3,000,000","75,766,000","-58,640,000","-9,849,000","-50,881,000","-1,794,000","1,217,000","-26,808,000","-357,936,000",,"-15,800,000","4,201,000","-756,000","-8,052,000",,,
NormalizedEBITDA,"237,000,000","269,000,000","746,000,000","137,000,000","1,092,000,000","1,358,000,000","1,130,000,000","1,236,000,000","726,000,000","756,000,000","527,294,000","355,569,000","335,555,000","287,908,000","253,780,000","167,810,000","149,428,000","375,950,000","43,520,000","14,150,000","-4,716,000","-18,435,000","-24,303,000","-22,556,000","-16,040,000","-4,864,220"
TaxRateForCalcs,"0.21","0.21","0.21","0.138","0.233","0.114","0.125","0.35","0.237","0.216","0.213","0.213","0.321","0.349","0.326","0.367","0.35","0.036","0.062","0.4","0.4","0.4","0.4","0.4","0.4","0.4"
TaxEffectOfUnusualItems,"-580,860,000","-184,170,000","-979,020,000","146,142,000","0","0","0","0","2,133,000","-648,000","16,138,158","-12,490,320","-3,161,529","-17,757,469","-584,844","446,213.783","-9,382,800","-12,922,557.39","0","-6,320,000","1,680,400","-302,400","-3,220,800","0","0","0"