name,ttm,12/31/2023,12/31/2022,12/31/2021,12/31/2020,12/31/2019,12/31/2018,12/31/2017,12/31/2016,12/31/2015,12/31/2014,12/31/2013,12/31/2012,12/31/2011,12/31/2010,12/31/2009,12/31/2008,12/31/2007,12/31/2006,12/31/2005,12/31/2004,12/31/2003,12/31/2002,12/31/2001,12/31/2000,12/31/1999,12/31/1998,12/31/1997,12/31/1996,12/31/1995,12/31/1994,12/31/1993,12/31/1992,12/31/1991,12/31/1990,12/31/1989,12/31/1988,12/31/1987,12/31/1986,12/31/1985
TotalRevenue,"258,003,000,000","232,261,000,000","176,954,000,000","140,800,000,000","126,946,000,000","122,021,000,000","111,831,000,000","111,696,000,000","111,780,000,000","107,927,000,000","88,806,000,000","83,572,000,000","78,026,000,000","66,346,000,000","60,776,000,000","51,078,000,000","45,666,120,400","41,888,774,000","38,751,814,800","33,713,685,040","29,233,563,870","26,613,062,700","25,154,110,260","23,717,034,390","20,815,014,000","16,442,054,240","13,648,809,860","16,984,033,110","14,903,938,620","13,713,124,800","13,517,840,700","13,145,607,000","10,670,777,000","9,829,419,700","8,331,880,000","7,619,108,250","5,629,806,000","5,027,783,550","4,187,427,750","4,158,399,600"
	OperatingRevenue,"634,387,000,000","608,645,000,000","455,692,000,000","340,180,000,000","298,187,000,000","270,431,000,000","230,701,000,000","216,174,000,000","198,924,000,000","182,779,000,000","131,841,000,000","115,906,000,000","103,948,000,000","84,386,000,000","75,811,000,000","51,078,000,000","45,666,120,400","41,888,774,000","38,751,814,800","33,713,685,040","29,233,563,870","26,613,062,700","25,154,110,260","23,717,034,390","20,815,014,000","16,442,054,240","13,648,809,860","16,984,033,110","14,903,938,620","13,713,124,800","13,517,840,700","13,145,607,000","10,670,777,000","9,829,419,700","8,331,880,000","7,619,108,250","5,629,806,000","5,027,783,550","4,187,427,750","4,158,399,600"
CostOfRevenue,"39,917,000,000","35,765,000,000","28,448,000,000","23,658,000,000","20,932,000,000","20,088,000,000","17,617,000,000","17,632,000,000","17,183,000,000","16,188,000,000","14,562,000,000","14,140,000,000","13,465,000,000","12,589,000,000","11,680,000,000","10,438,000,000","10,131,384,800","9,803,538,000","9,589,068,200","9,165,986,920","8,105,495,370","7,461,827,400","6,624,717,840","5,964,763,140","4,379,575,200","3,629,967,910","3,216,355,100","4,721,704,992","4,167,384,276","3,829,522,000","3,833,399,360","6,407,685,000","2,526,563,000","4,795,257,150","4,125,219,200","3,764,953,500","2,716,604,800","2,589,793,200","3,293,845,500","2,073,373,200"
GrossProfit,"218,086,000,000","196,496,000,000","148,506,000,000","117,142,000,000","106,014,000,000","101,933,000,000","94,214,000,000","94,064,000,000","94,597,000,000","91,739,000,000","74,244,000,000","69,432,000,000","64,561,000,000","53,757,000,000","49,096,000,000","40,640,000,000","35,534,735,600","32,085,236,000","29,162,746,600","24,547,698,120","21,128,068,500","19,151,235,300","18,529,392,420","17,752,271,250","16,435,438,800","12,812,086,330","10,432,454,760","12,262,328,118","10,736,554,344","9,883,602,800","9,684,441,340","6,737,922,000","8,144,214,000","5,034,162,550","4,206,660,800","3,854,154,750","2,913,201,200","2,437,990,350","893,582,250","2,085,026,400"
OperatingExpense,"106,627,000,000","93,922,000,000","73,697,000,000","58,498,000,000","51,888,000,000","49,450,000,000","46,966,000,000","45,097,000,000","46,165,000,000","42,295,000,000","39,752,000,000","37,939,000,000","35,087,000,000","31,383,000,000","30,205,000,000","25,366,000,000","23,124,591,600","23,125,508,000","20,042,678,200","16,472,299,740","14,098,183,890","12,753,693,900","12,555,822,060","12,155,084,550","12,192,224,000","9,891,847,380","8,999,425,260","9,928,179,000","8,756,510,700","8,010,961,000","7,844,361,000","4,793,872,500","6,985,683,250","3,630,297,650","3,154,273,600","2,804,223,000","1,976,962,400","1,790,542,050","224,680,500","1,351,771,200"
	SellingGeneralAndAdministration,"63,205,000,000","61,598,000,000","50,684,000,000","41,058,000,000","36,886,000,000","35,830,000,000","33,313,000,000","32,124,000,000","32,339,000,000","32,169,000,000","26,760,000,000","26,888,000,000","24,856,000,000","22,249,000,000","21,260,000,000","18,184,000,000","15,822,933,600","14,897,082,000","13,996,536,200","11,794,746,580","10,295,131,560","9,673,177,200","9,420,405,390","9,055,746,840","7,932,966,800","6,357,988,600","5,362,714,840","6,016,476,474","7,689,050,348","6,872,080,000","6,789,324,850","3,994,780,500","6,291,944,750","3,038,356,300","2,633,856,000","2,332,447,500","1,653,197,000","1,524,125,000",,"1,151,874,000"
		GeneralAndAdministrativeExpense,"5,026,000,000","4,855,000,000","4,467,000,000","4,050,000,000","3,958,000,000","4,007,000,000","3,916,000,000","3,784,000,000","3,962,000,000","3,857,000,000","3,537,000,000","3,508,000,000","3,312,000,000","3,245,000,000","3,065,000,000","2,764,000,000",,,,,,,,,,,,,,,,,,,,,,,,
			OtherGandA,"5,026,000,000","4,855,000,000","4,467,000,000","4,050,000,000","3,958,000,000","4,007,000,000","3,916,000,000","3,784,000,000","3,962,000,000","3,857,000,000","3,537,000,000","3,508,000,000","3,312,000,000","3,245,000,000","3,065,000,000","2,764,000,000",,,,,,,,,,,,,,,,,,,,,,,,
		SellingAndMarketingExpense,"58,179,000,000","56,743,000,000","46,217,000,000","37,008,000,000","32,928,000,000","31,823,000,000","29,397,000,000","28,340,000,000","28,377,000,000","28,312,000,000","23,223,000,000","23,380,000,000","21,544,000,000","19,004,000,000","18,195,000,000","15,420,000,000",,,,,,,,,,,,,,,,,,,,,,,,
	ResearchAndDevelopment,"43,360,000,000","32,443,000,000","24,047,000,000","17,772,000,000","15,462,000,000","14,220,000,000","14,805,000,000","14,014,000,000","14,563,000,000","13,608,000,000","13,762,000,000","11,733,000,000","10,897,000,000","9,628,000,000","9,602,000,000","7,864,000,000","7,874,022,400","8,550,608,000","6,317,370,800","5,074,703,900","4,384,760,190","4,203,929,700","4,133,370,960","3,959,800,740","3,224,522,400","2,587,553,500","2,649,512,320","2,769,619,590",,,,,,,,,,,,
	DepreciationAmortizationDepletionIncomeStatement,,,,,,,,,,,,,,,,,,,,,,,,,"1,034,734,800","946,305,280","987,198,100","1,142,082,936","1,067,460,352","1,138,881,000","1,055,036,150","799,092,000","693,738,500","591,941,350","520,417,600","471,775,500","323,765,400","266,417,050","224,680,500","199,897,200"
		DepreciationAndAmortizationInIncomeStatement,,,,,,,,,,,,,,,,,,,,,,,,,"1,034,734,800","946,305,280","987,198,100","1,142,082,936","1,067,460,352","1,138,881,000","1,055,036,150","799,092,000","693,738,500","591,941,350","520,417,600","471,775,500","323,765,400","266,417,050","224,680,500","199,897,200"
	OtherOperatingExpenses,"62,000,000","-119,000,000","-1,034,000,000","-332,000,000","-460,000,000","-600,000,000","-1,152,000,000","-1,041,000,000","-737,000,000","-3,482,000,000","-770,000,000","-682,000,000","-666,000,000","-494,000,000","-657,000,000","-682,000,000","-572,364,400","-322,182,000","-271,228,800","-397,150,740","-581,707,860","-1,123,413,000","-997,954,290","-860,463,030",,,,,,,,,,,,,,,,
OperatingIncome,"111,459,000,000","102,574,000,000","74,809,000,000","58,644,000,000","54,126,000,000","52,483,000,000","47,248,000,000","48,967,000,000","48,432,000,000","49,444,000,000","34,492,000,000","31,493,000,000","29,474,000,000","22,374,000,000","18,891,000,000","15,274,000,000","12,410,144,000","8,959,728,000","9,120,068,400","8,075,398,380","7,029,884,610","6,397,541,400","5,973,570,360","5,597,186,700","4,243,214,800","2,920,238,950","1,433,029,500","2,334,149,118","1,980,043,644","1,872,641,800","1,840,080,340","1,944,049,500","1,158,530,750","1,403,864,900","1,052,387,200","1,049,931,750","936,238,800","647,448,300","668,901,750","733,255,200"
NetNonOperatingInterestIncomeExpense,"-296,000,000","330,000,000","-320,000,000","-180,000,000","-203,000,000","-436,000,000","-106,000,000","-89,000,000","-98,000,000","-92,000,000","-49,000,000","-95,000,000","-17,000,000","-100,000,000","-311,000,000","-890,000,000",,,,,,,,,,,,,,,,,,,,,,,,
	InterestIncomeNonOperating,"3,604,000,000","1,069,000,000","239,000,000","231,000,000","337,000,000","65,000,000","51,000,000","69,000,000","52,000,000","56,000,000","101,000,000","56,000,000","124,000,000","274,000,000","235,000,000","375,000,000",,,,,,,,,,,,,,,,,,,,,,,,
	InterestExpenseNonOperating,"3,703,000,000","542,000,000","378,000,000","289,000,000","390,000,000","220,000,000","85,000,000","90,000,000","65,000,000","67,000,000","39,000,000","55,000,000","58,000,000","275,000,000","500,000,000","1,265,000,000",,,,,,,,,,,,,,,,,,,,,,,,
	TotalOtherFinanceCost,,"197,000,000","181,000,000","122,000,000","150,000,000","281,000,000","72,000,000","68,000,000","85,000,000","81,000,000","111,000,000","96,000,000","83,000,000","99,000,000","46,000,000",,,,,,,,,,,,,,,,,,,,,,,,,
OtherIncomeExpense,,"1,770,000,000","-5,427,000,000","616,000,000","-793,000,000","-3,494,000,000","473,000,000","-198,000,000","-536,000,000","-5,869,000,000","-347,000,000","1,141,000,000","-1,646,000,000","-349,000,000","-294,000,000","-396,000,000","502,824,800","2,352,440,000","242,975,800","718,653,720","460,976,040","2,016,230,700","1,252,751,130","918,941,100","368,975,200","310,506,420","1,560,409,900","1,168,786,314","894,117,181","399,578,200","474,310,200","479,047,500","1,039,980,500","452,974,100","387,569,600","256,371,000","244,027,000","205,452,050","218,072,250","259,956,000"
	GainOnSaleOfSecurity,,"1,689,000,000","-5,238,000,000","640,000,000","-942,000,000","-3,357,000,000","461,000,000","-212,000,000","-560,000,000","-5,883,000,000","-347,000,000","1,141,000,000","-1,646,000,000","-349,000,000","-294,000,000",,,,,,,,,,,,,,,,,,,,,,,,,
	EarningsFromEquityInterest,,"81,000,000","-189,000,000","-24,000,000","149,000,000","-137,000,000","12,000,000","14,000,000","24,000,000","14,000,000","0",,,,,,"123,031,600","1,232,474,000","-259,927,600",,,,,"50,124,060",,,,,,,,,,,,,,,,
	SpecialIncomeCharges,,,,,,,,,,,,,,"490,000,000","413,000,000","-396,000,000","379,793,200","1,119,966,000","502,903,400","718,653,720","460,976,040","2,016,230,700","1,252,751,130","868,817,040","368,975,200","310,506,420","1,560,409,900","1,168,786,314","894,117,181","399,578,200","474,310,200","479,047,500","1,039,980,500","452,974,100","387,569,600","256,371,000","244,027,000","205,452,050","218,072,250","259,956,000"
PretaxIncome,"112,933,000,000","104,674,000,000","69,062,000,000","59,080,000,000","53,130,000,000","48,553,000,000","47,615,000,000","48,680,000,000","47,798,000,000","43,483,000,000","34,096,000,000","32,539,000,000","27,811,000,000","21,925,000,000","18,286,000,000","13,988,000,000","12,725,746,800","10,984,872,000","9,165,273,200","8,220,389,920","7,507,324,080","7,580,081,400","6,292,066,410","6,014,887,200","4,844,804,800","3,356,426,540","3,178,140,980","3,171,539,664","2,529,261,526","2,154,175,400","1,931,293,840","1,872,022,500","1,672,875,750","1,462,408,550","1,137,872,000","1,049,271,000","905,305,800","697,439,600","788,584,500","876,679,200"
TaxProvision,"23,035,000,000","20,991,000,000","13,537,000,000","11,323,000,000","10,992,000,000","9,602,000,000","8,987,000,000","10,550,000,000","9,873,000,000","8,623,000,000","7,615,000,000","7,355,000,000","6,379,000,000","4,828,000,000","3,883,000,000","3,220,000,000","3,059,742,400","2,454,720,000","2,712,288,000","2,363,992,500","2,458,538,880","2,530,635,600","2,201,161,590","2,163,688,590","1,756,642,800","1,352,920,830","1,159,161,640","952,420,482","726,730,820","592,439,800","499,849,980","441,675,000","400,185,500","532,215,000","377,750,400","303,284,250","267,398,600","217,035,400","267,267,000","268,920,000"
NetIncomeCommonStockholders,"89,898,000,000","83,683,000,000","55,525,000,000","47,757,000,000","42,138,000,000","38,951,000,000","38,628,000,000","38,130,000,000","37,925,000,000","34,860,000,000","26,481,000,000","25,184,000,000","21,432,000,000","17,097,000,000","14,403,000,000","10,768,000,000","9,666,004,400","8,535,266,000","6,452,985,200","5,856,397,420","5,048,785,200","4,872,064,800","4,090,904,820","3,851,198,610","3,088,162,000","2,417,514,270","2,413,858,580","2,219,119,182","1,802,530,706","1,561,735,600","1,431,443,860","1,430,347,500","1,272,690,250","930,193,550","760,121,600","745,986,750","637,907,200","480,404,200","521,317,500","607,759,200"
	NetIncome,"89,898,000,000","83,683,000,000","55,525,000,000","47,757,000,000","42,138,000,000","38,951,000,000","38,628,000,000","38,130,000,000","37,925,000,000","34,860,000,000","26,481,000,000","25,184,000,000","21,432,000,000","17,097,000,000","14,403,000,000","10,768,000,000","9,666,004,400","8,535,266,000","6,452,985,200","5,856,397,420","5,048,785,200","4,872,064,800","4,090,904,820","3,851,198,610","3,088,162,000","2,417,514,270","2,413,858,580","2,219,119,182","1,802,530,706","1,561,735,600","1,431,443,860","1,430,347,500","1,272,690,250","930,193,550","760,121,600","745,986,750","637,907,200","480,404,200","521,317,500","607,759,200"
		NetIncomeIncludingNoncontrollingInterests,"89,898,000,000","83,683,000,000","55,525,000,000","47,757,000,000","42,138,000,000","38,951,000,000","38,628,000,000","38,130,000,000","37,925,000,000","34,860,000,000","26,481,000,000","25,184,000,000","21,432,000,000","17,097,000,000","14,403,000,000","10,768,000,000","9,666,004,400","8,535,266,000","6,452,985,200","5,856,397,420","5,048,785,200","4,872,064,800","4,090,904,820","3,851,198,610","3,088,162,000","2,417,514,270","2,407,489,560","2,219,119,182","1,799,552,301","1,561,735,600","1,431,443,860","1,430,347,500","1,272,690,250","927,236,800","760,121,600","745,986,750","637,907,200","480,404,200","521,317,500","607,759,200"
			NetIncomeContinuousOperations,"89,898,000,000","83,683,000,000","55,525,000,000","47,757,000,000","42,138,000,000","38,951,000,000","38,628,000,000","38,130,000,000","37,925,000,000","34,860,000,000","26,481,000,000","25,184,000,000","21,432,000,000","17,097,000,000","14,403,000,000","10,768,000,000","9,666,004,400","8,535,266,000","6,452,985,200","5,856,397,420","5,048,785,200","4,872,064,800","4,090,904,820","3,851,198,610","3,088,162,000","2,003,505,710","2,018,979,340","2,219,119,182","1,802,530,706","1,561,735,600","1,431,443,860","1,430,347,500","1,272,690,250","930,193,550","760,121,600","745,986,750","637,907,200","480,404,200","521,317,500","607,759,200"
			NetIncomeDiscontinuousOperations,,,,,,,,,,,,,,,,,,,,,,,,,,"414,008,560","394,879,240",,,,,,,,,,,,,
		MinorityInterests,,,,,,,,,,,,,,,,,,,,,,,,,,,"6,369,020",,"2,978,405",,,,,"2,956,750",,,,,,
DilutedNIAvailtoComStockholders,"89,898,000,000","83,683,000,000","55,525,000,000","47,757,000,000","42,138,000,000","38,951,000,000","38,628,000,000","38,130,000,000","37,925,000,000","34,860,000,000","26,481,000,000","25,184,000,000","21,432,000,000","17,097,000,000","14,403,000,000","10,768,000,000","9,666,004,400","8,535,266,000","6,452,985,200","5,856,397,420","5,048,785,200","4,872,064,800","4,090,904,820","3,851,198,610","3,088,162,000","2,417,514,270","2,413,858,580","2,219,119,182","1,802,530,706","1,561,735,600","1,431,443,860","1,430,347,500","1,272,690,250","930,193,550","760,121,600","745,986,750","637,907,200","480,404,200","521,317,500","607,759,200"
BasicEPS,"20.14","18.67","12.26","10.395","9.025","8.205","7.98","7.71","7.495","6.78","5.05","4.7","3.909","3.024","2.481","1.797","1.564","1.353","1.005","0.892","0.747","0.713","0.59","0.559","0.446","0.344","0.255","0.294","0.241","0.208","0.192","0.19","0.169","0.16","0.121","0.093","0.124","0.094","0.103","0.121"
DilutedEPS,"20.08","18.62","12.22","10.37","9.005","8.19","7.965","7.695","7.48","6.76","5.035","4.675","3.885","2.999","2.46","1.782","1.552","1.343","0.999","0.889","0.744","0.708","0.586","0.555","0.445","0.336","0.255","0.294","0.241","0.208","0.192","0.19","0.169","0.16","0.121","0.093","0.124","0.094","0.103","0.121"
BasicAverageShares,"4,463,547,086","4,482,800,000","4,530,600,000","4,594,227,994","4,667,800,000","4,748,598,000","4,839,206,000","4,946,436,000","5,059,890,000","5,141,592,920","5,243,762,376","5,358,724,000","5,483,380,000","5,654,330,000","5,805,320,435","5,992,209,238","6,178,705,112","6,309,847,142","6,423,722,097","6,567,338,906","6,762,587,601","6,831,736,567","6,928,561,496","6,886,465,928","6,924,715,749","53,090,529,759","47,216,194,274","7,537,209,302","7,471,604,938","7,514,666,667","7,473,015,873","7,517,857,143","7,514,814,815","5,825,925,926","6,266,666,667","8,064,285,714","5,155,555,556","5,083,870,968","5,071,428,571","5,022,222,222"
DilutedAverageShares,"4,476,959,376","4,494,800,000","4,544,600,000","4,605,303,761","4,680,000,000","4,757,316,000","4,848,834,000","4,956,186,000","5,069,458,000","5,156,804,734","5,259,384,310","5,387,250,000","5,516,680,000","5,701,320,000","5,854,878,049","6,042,648,709","6,226,418,345","6,356,971,568","6,459,069,606","6,589,439,944","6,789,948,514","6,880,051,233","6,981,768,284","6,936,096,136","6,940,413,396","53,090,529,759","47,216,194,274","7,537,209,302","7,471,604,938","7,514,666,667","7,473,015,873","7,517,857,143","7,514,814,815","5,825,925,926","6,266,666,667","8,064,285,714","5,155,555,556","5,083,870,968","5,071,428,571","5,022,222,222"
TotalOperatingIncomeAsReported,"111,459,000,000","102,574,000,000","74,809,000,000","58,644,000,000","54,126,000,000","52,483,000,000","47,248,000,000","48,967,000,000","48,432,000,000","49,444,000,000","34,492,000,000","31,493,000,000","29,474,000,000","22,374,000,000","18,891,000,000","14,933,000,000","12,404,794,800","8,954,614,000","9,120,068,400","8,075,398,380","7,029,884,610","6,403,454,100","5,973,570,360","5,597,186,700","4,243,214,800","2,920,238,950","1,433,029,500","2,334,149,118","1,980,043,644","1,872,641,800","1,840,080,340","1,944,049,500","1,158,530,750","1,403,864,900","1,052,387,200","1,049,931,750","936,238,800","647,448,300","668,901,750","733,255,200"
TotalExpenses,"146,544,000,000","129,687,000,000","102,145,000,000","82,156,000,000","72,820,000,000","69,538,000,000","64,583,000,000","62,729,000,000","63,348,000,000","58,483,000,000","54,314,000,000","52,079,000,000","48,552,000,000","43,972,000,000","41,885,000,000","35,804,000,000","33,255,976,400","32,929,046,000","29,631,746,400","25,638,286,660","22,203,679,260","20,215,521,300","19,180,539,900","18,119,847,690","16,571,799,200","13,521,815,290","12,215,780,360","14,649,883,992","12,923,894,976","11,840,483,000","11,677,760,360","11,201,557,500","9,512,246,250","8,425,554,800","7,279,492,800","6,569,176,500","4,693,567,200","4,380,335,250","3,518,526,000","3,425,144,400"
NetIncomeFromContinuingAndDiscontinuedOperation,"89,898,000,000","83,683,000,000","55,525,000,000","47,757,000,000","42,138,000,000","38,951,000,000","38,628,000,000","38,130,000,000","37,925,000,000","34,860,000,000","26,481,000,000","25,184,000,000","21,432,000,000","17,097,000,000","14,403,000,000","10,768,000,000","9,666,004,400","8,535,266,000","6,452,985,200","5,856,397,420","5,048,785,200","4,872,064,800","4,090,904,820","3,851,198,610","3,088,162,000","2,417,514,270","2,413,858,580","2,219,119,182","1,802,530,706","1,561,735,600","1,431,443,860","1,430,347,500","1,272,690,250","930,193,550","760,121,600","745,986,750","637,907,200","480,404,200","521,317,500","607,759,200"
NormalizedIncome,"88,553,506,167.374","82,333,489,000","59,736,352,000","47,239,880,000","42,885,006,000","41,643,314,000","38,254,129,000","38,295,996,000","38,369,080,000","39,578,166,000","26,750,619,000","24,300,866,000","22,701,066,000","17,369,220,000","14,634,672,000","11,072,841,864.455","9,377,527,597.814","7,665,571,731.844","6,098,906,480.641","5,344,411,755.982","4,738,772,073.684","3,528,959,481.903","3,276,405,210.169","3,294,914,366.333","2,852,970,854.305","1,817,201,858","1,027,696,898.517","1,401,322,022.312","1,165,319,544.976","1,272,049,114.896","1,079,892,786.071","1,064,323,911.071","481,493,986.595","642,070,517.529","501,217,237.766","563,717,947.103","465,958,030.676","338,886,529.196","377,154,280.726","427,544,304.294"
InterestIncome,"3,604,000,000","1,069,000,000","239,000,000","231,000,000","337,000,000","65,000,000","51,000,000","69,000,000","52,000,000","56,000,000","101,000,000","56,000,000","124,000,000","274,000,000","235,000,000","375,000,000",,,,,,,,,,,,,,,,,,,,,,,,
InterestExpense,"3,703,000,000","542,000,000","378,000,000","289,000,000","390,000,000","220,000,000","85,000,000","90,000,000","65,000,000","67,000,000","39,000,000","55,000,000","58,000,000","275,000,000","500,000,000","1,265,000,000",,,,,,,,,,,,,,,,,,,,,,,,
NetInterestIncome,"-296,000,000","330,000,000","-320,000,000","-180,000,000","-203,000,000","-436,000,000","-106,000,000","-89,000,000","-98,000,000","-92,000,000","-49,000,000","-95,000,000","-17,000,000","-100,000,000","-311,000,000","-890,000,000",,,,,,,,,,,,,,,,,,,,,,,,
EBIT,"116,636,000,000","105,216,000,000","69,440,000,000","59,369,000,000","53,520,000,000","48,773,000,000","47,700,000,000","48,770,000,000","47,863,000,000","43,550,000,000","34,135,000,000","32,594,000,000","27,869,000,000","22,200,000,000","18,786,000,000","15,253,000,000","12,410,144,000","8,959,728,000","9,120,068,400","8,075,398,380","7,029,884,610","6,397,541,400","5,973,570,360","5,597,186,700","4,243,214,800","2,920,238,950","1,433,029,500","2,334,149,118","1,980,043,644","1,872,641,800","1,840,080,340","1,944,049,500","1,158,530,750","1,403,864,900","1,052,387,200","1,049,931,750","936,238,800","647,448,300","668,901,750","733,255,200"
EBITDA,"133,912,000,000","114,629,000,000","76,802,000,000","65,394,000,000","59,273,000,000","54,434,000,000","51,625,000,000","51,952,000,000","51,056,000,000","46,509,000,000","37,570,000,000","35,393,000,000","30,562,000,000","24,937,000,000","21,253,000,000","17,804,000,000","14,860,077,600","11,971,874,000","11,261,645,800","10,004,416,260","8,934,154,680","8,023,533,900","7,304,176,080","6,674,853,990","5,277,949,600","3,866,544,230","2,420,227,600","3,476,232,054","3,047,503,996","3,011,522,800","2,895,116,490","2,743,141,500","1,852,269,250","1,995,806,250","1,572,804,800","1,521,707,250","1,260,004,200","913,865,350","893,582,250","933,152,400"
ReconciledCostOfRevenue,"39,917,000,000","35,765,000,000","28,448,000,000","23,658,000,000","20,932,000,000","20,088,000,000","17,617,000,000","17,632,000,000","17,183,000,000","16,188,000,000","14,562,000,000","14,140,000,000","13,465,000,000","12,589,000,000","11,680,000,000","10,438,000,000","10,131,384,800","9,803,538,000","9,589,068,200","9,165,986,920","8,105,495,370","7,461,827,400","6,624,717,840","5,964,763,140","4,379,575,200","3,629,967,910","3,216,355,100","4,721,704,992","4,167,384,276","3,829,522,000","3,833,399,360","6,407,685,000","2,526,563,000","4,795,257,150","4,125,219,200","3,764,953,500","2,716,604,800","2,589,793,200","3,293,845,500","2,073,373,200"
ReconciledDepreciation,"17,276,000,000","9,413,000,000","7,362,000,000","6,025,000,000","5,753,000,000","5,661,000,000","3,925,000,000","3,182,000,000","3,193,000,000","2,959,000,000","3,435,000,000","2,799,000,000","2,693,000,000","2,737,000,000","2,467,000,000","2,551,000,000","2,449,933,600","3,012,146,000","2,141,577,400","1,929,017,880","1,904,270,070","1,625,992,500","1,330,605,720","1,077,667,290","1,034,734,800","946,305,280","987,198,100","1,142,082,936","1,067,460,352","1,138,881,000","1,055,036,150","799,092,000","693,738,500","591,941,350","520,417,600","471,775,500","323,765,400","266,417,050","224,680,500","199,897,200"
NetIncomeFromContinuingOperationNetMinorityInterest,"89,898,000,000","83,683,000,000","55,525,000,000","47,757,000,000","42,138,000,000","38,951,000,000","38,628,000,000","38,130,000,000","37,925,000,000","34,860,000,000","26,481,000,000","25,184,000,000","21,432,000,000","17,097,000,000","14,403,000,000","10,768,000,000","9,666,004,400","8,535,266,000","6,452,985,200","5,856,397,420","5,048,785,200","4,872,064,800","4,090,904,820","3,851,198,610","3,088,162,000","2,003,505,710","2,018,979,340","2,219,119,182","1,802,530,706","1,561,735,600","1,431,443,860","1,430,347,500","1,272,690,250","930,193,550","760,121,600","745,986,750","637,907,200","480,404,200","521,317,500","607,759,200"
TotalUnusualItemsExcludingGoodwill,"1,689,000,000","1,689,000,000","-5,238,000,000","640,000,000","-942,000,000","-3,357,000,000","461,000,000","-212,000,000","-560,000,000","-5,883,000,000","-347,000,000","1,141,000,000","-1,646,000,000","-349,000,000","-294,000,000","-396,000,000","379,793,200","1,119,966,000","502,903,400","718,653,720","460,976,040","2,016,230,700","1,252,751,130","868,817,040","368,975,200","310,506,420","1,560,409,900","1,168,786,314","894,117,181","399,578,200","474,310,200","479,047,500","1,039,980,500","452,974,100","387,569,600","256,371,000","244,027,000","205,452,050","218,072,250","259,956,000"
TotalUnusualItems,"1,689,000,000","1,689,000,000","-5,238,000,000","640,000,000","-942,000,000","-3,357,000,000","461,000,000","-212,000,000","-560,000,000","-5,883,000,000","-347,000,000","1,141,000,000","-1,646,000,000","-349,000,000","-294,000,000","-396,000,000","379,793,200","1,119,966,000","502,903,400","718,653,720","460,976,040","2,016,230,700","1,252,751,130","868,817,040","368,975,200","310,506,420","1,560,409,900","1,168,786,314","894,117,181","399,578,200","474,310,200","479,047,500","1,039,980,500","452,974,100","387,569,600","256,371,000","244,027,000","205,452,050","218,072,250","259,956,000"
NormalizedEBITDA,"132,223,000,000","112,940,000,000","82,040,000,000","64,754,000,000","60,215,000,000","57,791,000,000","51,164,000,000","52,164,000,000","51,616,000,000","52,392,000,000","37,917,000,000","34,252,000,000","32,208,000,000","25,286,000,000","21,547,000,000","18,200,000,000","14,480,284,400","10,851,908,000","10,758,742,400","9,285,762,540","8,473,178,640","6,007,303,200","6,051,424,950","5,806,036,950","4,908,974,400","3,556,037,810","859,817,700","2,307,445,740","2,153,386,815","2,611,944,600","2,420,806,290","2,264,094,000","812,288,750","1,542,832,150","1,185,235,200","1,265,336,250","1,015,977,200","708,413,300","675,510,000","673,196,400"
TaxRateForCalcs,"0.204","0.201","0.196","0.192","0.207","0.198","0.189","0.217","0.207","0.198","0.223","0.226","0.229","0.22","0.212","0.23","0.24","0.223","0.296","0.288","0.327","0.334","0.35","0.36","0.363","0.4","0.365","0.3","0.287","0.275","0.259","0.236","0.239","0.364","0.332","0.289","0.295","0.311","0.339","0.307"
TaxEffectOfUnusualItems,"344,506,167.374","339,489,000","-1,026,648,000","122,880,000","-194,994,000","-664,686,000","87,129,000","-46,004,000","-115,920,000","-1,164,834,000","-77,381,000","257,866,000","-376,934,000","-76,780,000","-62,328,000","-91,158,135.545","91,316,397.814","250,271,731.844","148,824,680.641","206,668,055.982","150,962,913.684","673,125,381.903","438,251,520.169","312,532,796.333","133,784,054.305","124,202,568","569,127,458.517","350,989,154.312","256,906,019.976","109,891,714.896","122,759,126.071","113,023,911.071","248,784,236.595","164,851,067.529","128,665,237.766","74,102,197.103","72,077,830.676","63,934,379.196","73,909,030.726","79,741,104.294"