name,ttm,12/31/2023,12/31/2022,12/31/2021,12/31/2020,12/31/2019,12/31/2018,12/31/2017,12/31/2016,12/31/2015,12/31/2014,12/31/2013,12/31/2012,12/31/2011,12/31/2010,12/31/2009,12/31/2008,12/31/2007,12/31/2006,12/31/2005,12/31/2004,12/31/2003,12/31/2002,12/31/2001,12/31/2000,12/31/1999,12/31/1998
TotalRevenue,"48,860,000,000","46,660,000,000","43,461,000,000","43,974,000,000","49,898,000,000","48,677,000,000","46,099,000,000","43,404,000,000","49,436,000,000","50,387,000,000","53,634,000,000","52,716,000,000","51,971,000,000","59,375,000,000","51,561,000,000","45,103,000,000","42,584,000,000","38,947,000,000","35,105,000,000","29,753,000,000","27,277,000,000","24,930,000,000","20,877,000,000","18,762,000,000","22,185,000,000","20,385,000,000","23,039,244,186.047"
	OperatingRevenue,"47,546,000,000","45,440,000,000","42,206,000,000","42,781,000,000","48,659,000,000","47,498,000,000","44,833,000,000","42,381,000,000","48,518,000,000","49,440,000,000","52,419,000,000","52,090,000,000","51,330,000,000","58,566,000,000","50,624,000,000","44,267,000,000","41,459,000,000","38,072,000,000","34,393,000,000","29,446,000,000","27,126,000,000","24,864,000,000","20,877,000,000","18,762,000,000","22,185,000,000","20,385,000,000","23,039,244,186.047"
CostOfRevenue,"12,408,000,000","12,472,000,000","11,582,000,000","11,735,000,000","15,121,000,000","14,425,000,000","14,510,000,000","13,633,000,000","17,520,000,000","17,404,000,000","17,345,000,000","16,579,000,000","15,866,000,000","18,983,000,000","14,488,000,000","12,179,000,000","11,439,000,000","11,032,000,000","9,411,000,000","7,439,000,000","6,700,000,000","6,457,000,000","4,994,000,000","4,744,000,000","6,346,000,000","5,220,000,000","7,305,232,558.14"
GrossProfit,"36,452,000,000","34,188,000,000","31,879,000,000","32,239,000,000","34,777,000,000","34,252,000,000","31,589,000,000","29,771,000,000","31,916,000,000","32,983,000,000","36,289,000,000","36,137,000,000","36,105,000,000","40,392,000,000","37,073,000,000","32,924,000,000","31,145,000,000","27,915,000,000","25,694,000,000","22,314,000,000","20,577,000,000","18,473,000,000","15,883,000,000","14,018,000,000","15,839,000,000","15,165,000,000","15,734,011,627.907"
OperatingExpense,"24,721,000,000","24,419,000,000","23,933,000,000","22,183,000,000","24,625,000,000","25,166,000,000","23,186,000,000","21,069,000,000","23,648,000,000","24,006,000,000","25,200,000,000","25,154,000,000","24,598,000,000","29,612,000,000","25,547,000,000","22,942,000,000","22,181,000,000","21,134,000,000","18,052,000,000","15,807,000,000","14,460,000,000","12,838,000,000","10,791,000,000","9,693,000,000","10,955,000,000","10,555,000,000","10,704,941,860.465"
	SellingGeneralAndAdministration,"12,466,000,000","12,517,000,000","12,193,000,000","12,827,000,000","14,197,000,000","14,369,000,000","13,717,000,000","12,465,000,000","14,192,000,000","14,247,000,000","14,993,000,000","15,241,000,000","15,117,000,000","18,049,000,000","15,797,000,000","14,331,000,000","14,097,000,000","13,259,000,000","11,974,000,000","10,633,000,000","9,989,000,000","9,235,000,000","7,883,000,000","7,165,000,000","8,069,000,000","6,941,000,000","7,866,279,069.767"
		GeneralAndAdministrativeExpense,,,,,,,,"2,136,000,000","2,194,000,000","2,475,000,000","2,616,000,000","2,603,000,000","2,530,000,000","2,970,000,000","2,481,000,000","2,281,000,000","2,245,000,000","2,133,000,000","1,882,000,000","1,614,000,000","1,486,000,000","1,381,000,000","1,146,000,000",,,,"1,478,197,674.419"
			OtherGandA,,,,,,,,"2,136,000,000","2,194,000,000","2,475,000,000","2,616,000,000","2,603,000,000","2,530,000,000","2,970,000,000","2,481,000,000","2,281,000,000","2,245,000,000","2,133,000,000","1,882,000,000","1,614,000,000","1,486,000,000","1,381,000,000","1,146,000,000",,,,"1,478,197,674.419"
		SellingAndMarketingExpense,,,,,,,,"12,861,000,000","11,998,000,000","11,772,000,000","12,377,000,000","12,638,000,000","12,587,000,000","15,079,000,000","13,316,000,000","12,050,000,000","11,852,000,000","11,126,000,000","10,092,000,000","9,019,000,000","8,503,000,000","7,854,000,000","6,737,000,000","7,165,000,000",,,"6,388,081,395.349"
	ResearchAndDevelopment,"11,280,000,000","11,371,000,000","9,172,000,000","8,641,000,000","8,980,000,000","9,402,000,000","8,489,000,000","8,389,000,000","9,039,000,000","8,935,000,000","9,086,000,000","9,071,000,000","8,588,000,000","9,583,000,000","9,070,000,000","7,469,000,000","7,217,000,000","6,430,000,000","5,321,000,000","4,797,000,000","4,152,000,000","3,729,000,000","2,843,000,000","2,528,000,000","2,885,000,000","2,666,000,000","2,838,662,790.698"
	DepreciationAmortizationDepletionIncomeStatement,,,,,,,,,,,,,,,,,,,,,,,,,,"948,000,000",
		DepreciationAndAmortizationInIncomeStatement,,,,,,,,,,,,,,,,,,,,,,,,,,"948,000,000",
	OtherOperatingExpenses,"975,000,000","531,000,000","2,568,000,000","715,000,000","1,448,000,000","1,395,000,000","980,000,000","215,000,000","417,000,000","824,000,000","1,121,000,000","842,000,000","893,000,000","1,980,000,000","680,000,000","1,142,000,000","867,000,000","1,445,000,000","757,000,000","377,000,000","319,000,000","-126,000,000","65,000,000",,"1,000,000",,
OperatingIncome,"11,731,000,000","9,769,000,000","7,946,000,000","10,056,000,000","10,152,000,000","9,086,000,000","8,403,000,000","8,702,000,000","8,268,000,000","8,977,000,000","11,089,000,000","10,983,000,000","11,507,000,000","10,780,000,000","11,526,000,000","9,982,000,000","8,964,000,000","6,781,000,000","7,642,000,000","6,507,000,000","6,117,000,000","5,635,000,000","5,092,000,000","4,325,000,000","4,884,000,000","4,610,000,000","5,029,069,767.442"
NetNonOperatingInterestIncomeExpense,"-578,000,000","-419,000,000","-574,000,000","-794,000,000","-812,000,000","-805,000,000","-746,000,000","-650,000,000","-684,000,000","-717,000,000","-757,000,000","-701,000,000","-713,000,000","-727,000,000","-628,000,000","-418,000,000","-32,000,000","130,000,000","53,000,000","65,000,000","87,000,000","48,000,000","157,000,000","75,000,000",,,
	InterestIncomeNonOperating,,"627,000,000","377,000,000","70,000,000","91,000,000","245,000,000","292,000,000","110,000,000","43,000,000","33,000,000","33,000,000","34,000,000","50,000,000","62,000,000","103,000,000","156,000,000","306,000,000","423,000,000","367,000,000","405,000,000","388,000,000","323,000,000","416,000,000","379,000,000",,,
	InterestExpenseNonOperating,"906,000,000","855,000,000","800,000,000","787,000,000","869,000,000","850,000,000","932,000,000","750,000,000","707,000,000","655,000,000","704,000,000","683,000,000","724,000,000","751,000,000","692,000,000","551,000,000","290,000,000","237,000,000","266,000,000","294,000,000","261,000,000","243,000,000","194,000,000","218,000,000",,,
	TotalOtherFinanceCost,"299,000,000","191,000,000","151,000,000","77,000,000","34,000,000","200,000,000","106,000,000","10,000,000","20,000,000","95,000,000","86,000,000","52,000,000","39,000,000","38,000,000","39,000,000","23,000,000","48,000,000","56,000,000","48,000,000","46,000,000","40,000,000","32,000,000","65,000,000","86,000,000",,,
OtherIncomeExpense,"-254,000,000","-227,000,000","-195,000,000","15,268,000,000","538,000,000","659,000,000","6,438,000,000","1,050,000,000","233,000,000","-126,000,000","1,940,000,000","525,000,000","442,000,000","502,000,000","804,000,000","358,000,000","567,000,000","576,000,000","299,000,000","295,000,000","206,000,000","51,000,000","449,000,000","292,000,000","400,000,000","368,000,000",
	GainOnSaleOfSecurity,,"-214,000,000","-184,000,000","-69,000,000","-135,000,000","-160,000,000","-64,000,000","-58,000,000","-477,000,000","-260,000,000","22,000,000","-60,000,000","-107,000,000","-23,000,000","4,000,000","85,000,000","295,000,000","250,000,000","60,000,000","151,000,000","204,000,000","396,000,000","456,000,000","209,000,000",,,
	EarningsFromEquityInterest,"-40,000,000","-13,000,000","-11,000,000","15,337,000,000","673,000,000","659,000,000","6,438,000,000","1,108,000,000","703,000,000","266,000,000","1,918,000,000","599,000,000","549,000,000","528,000,000","804,000,000","293,000,000","441,000,000","412,000,000","264,000,000","193,000,000","68,000,000","-279,000,000","-7,000,000","83,000,000","60,000,000",,
	SpecialIncomeCharges,,,,,,,"-2,000,000","12,000,000","7,000,000","-132,000,000",,"-14,000,000",,"-3,000,000","-4,000,000","-20,000,000","-169,000,000","-86,000,000","-25,000,000","-49,000,000","-66,000,000","-66,000,000","420,000,000","564,000,000","400,000,000","368,000,000",
		WriteOff,,,,,,,"2,000,000","-12,000,000","-7,000,000","132,000,000",,"14,000,000",,"3,000,000","4,000,000","20,000,000","169,000,000","86,000,000","25,000,000","49,000,000","66,000,000","66,000,000",,,,,
PretaxIncome,"10,899,000,000","9,123,000,000","7,177,000,000","24,530,000,000","9,878,000,000","8,940,000,000","14,095,000,000","9,102,000,000","7,817,000,000","8,134,000,000","12,272,000,000","10,807,000,000","11,236,000,000","10,555,000,000","11,702,000,000","9,922,000,000","9,499,000,000","7,487,000,000","7,994,000,000","6,867,000,000","6,410,000,000","5,734,000,000","5,698,000,000","4,692,000,000","5,595,000,000","5,332,000,000","5,754,360,465.116"
TaxProvision,"814,000,000","551,000,000","1,128,000,000","1,625,000,000","1,807,000,000","1,793,000,000","1,295,000,000","1,603,000,000","1,119,000,000","1,106,000,000","1,545,000,000","1,498,000,000","1,706,000,000","1,483,000,000","1,733,000,000","1,468,000,000","1,336,000,000","947,000,000","1,169,000,000","986,000,000","1,045,000,000","947,000,000","959,000,000","844,000,000","1,128,000,000","1,151,000,000","1,367,732,558.14"
NetIncomeCommonStockholders,"16,175,000,000","14,850,000,000","6,955,000,000","24,021,000,000","8,072,000,000","11,732,000,000","12,611,000,000","7,703,000,000","6,712,000,000","17,783,000,000","10,210,000,000","9,175,000,000","9,270,000,000","8,940,000,000","9,794,000,000","8,400,000,000","8,195,000,000","11,946,000,000","7,175,000,000","6,130,000,000","5,365,000,000","4,743,000,000","4,725,000,000","3,836,000,000","4,467,000,000","4,181,000,000","4,367,732,558.14"
	NetIncome,"16,175,000,000","14,850,000,000","6,955,000,000","24,021,000,000","8,072,000,000","11,732,000,000","12,611,000,000","7,703,000,000","6,712,000,000","17,783,000,000","10,210,000,000","9,175,000,000","9,270,000,000","8,940,000,000","9,794,000,000","8,400,000,000","8,195,000,000","11,946,000,000","7,175,000,000","6,130,000,000","5,365,000,000","4,743,000,000","4,725,000,000","3,836,000,000","4,467,000,000","4,181,000,000","4,367,732,558.14"
		NetIncomeIncludingNoncontrollingInterests,"16,177,000,000","14,854,000,000","6,955,000,000","24,018,000,000","8,071,000,000","11,737,000,000","12,614,000,000","7,703,000,000","6,698,000,000","17,794,000,000","10,280,000,000","9,292,000,000","9,383,000,000","9,072,000,000","9,969,000,000","8,454,000,000","8,233,000,000","11,968,000,000","7,202,000,000","6,141,000,000","5,380,000,000","4,787,000,000","4,739,000,000","3,848,000,000","4,493,000,000","4,198,000,000","4,386,627,906.977"
			NetIncomeContinuousOperations,"10,085,000,000","8,572,000,000","6,049,000,000","22,905,000,000","8,071,000,000","7,147,000,000","12,800,000,000","7,499,000,000","6,698,000,000","7,028,000,000","10,727,000,000","9,309,000,000","9,530,000,000","9,072,000,000","9,969,000,000","8,454,000,000","8,163,000,000","6,540,000,000","6,825,000,000","5,881,000,000","5,365,000,000","4,787,000,000","4,739,000,000","3,848,000,000","4,467,000,000","4,181,000,000","4,386,627,906.977"
			NetIncomeDiscontinuousOperations,,"6,282,000,000","906,000,000","1,113,000,000",,"4,590,000,000","-186,000,000","204,000,000",,"10,766,000,000","-447,000,000","-17,000,000","-147,000,000","0","0","0","70,000,000","5,428,000,000","377,000,000","260,000,000","15,000,000",,,,,,
		MinorityInterests,"-2,000,000","-4,000,000","0","3,000,000","1,000,000","-5,000,000","-3,000,000","0","14,000,000","-11,000,000","-70,000,000","-117,000,000","-113,000,000","-132,000,000","-175,000,000","-54,000,000","-38,000,000","-22,000,000","-27,000,000","-11,000,000","-15,000,000","-44,000,000","-14,000,000","-12,000,000","-26,000,000","-17,000,000","-18,895,348.837"
AverageDilutionEarnings,,,,,,,,,,,,,,,,,,,,,,,"2,000,000","2,000,000",,,
DilutedNIAvailtoComStockholders,"16,175,000,000","14,850,000,000","6,955,000,000","24,021,000,000","8,072,000,000","11,732,000,000","12,611,000,000","7,703,000,000","6,712,000,000","17,783,000,000","10,210,000,000","9,175,000,000","9,270,000,000","8,940,000,000","9,794,000,000","8,400,000,000","8,195,000,000","11,946,000,000","7,175,000,000","6,130,000,000","5,365,000,000","4,743,000,000","4,725,000,000","3,838,000,000","4,467,000,000","4,181,000,000","4,367,732,558.14"
BasicEPS,"7.86","7.15","3.19","10.71","3.55","5.12","5.44","3.28","2.82","7.4","4.21","3.76","3.93","3.75","4.28","3.7","3.62","5.15","3.06","2.63","2.28","1.99","1.88","1.49","1.697","0.625","0.331"
DilutedEPS,"7.8","7.1","3.17","10.63","3.52","5.06","5.38","3.25","2.8","7.29","4.13","3.7","3.89","3.7","4.26","3.69","3.59","5.13","3.04","2.62","2.27","1.97","1.84","1.49","1.697","0.625","0.331"
BasicAverageShares,"2,047,294,140","2,076,794,140","2,181,000,000","2,243,000,000","2,277,000,000","2,291,000,000","2,319,000,000","2,346,000,000","2,378,000,000","2,403,000,000","2,426,000,000","2,441,000,000","2,418,100,000","2,382,000,000","2,286,000,000","2,268,000,000","2,265,000,000","2,317,466,535","2,345,232,126","2,332,848,144","2,355,490,272","2,380,091,756","2,515,311,685","2,571,673,365","2,632,281,423","2,624,734,400","2,739,218,160"
DilutedAverageShares,"2,063,500,000","2,092,000,000","2,197,000,000","2,260,000,000","2,296,000,000","2,319,000,000","2,344,000,000","2,371,000,000","2,400,000,000","2,438,000,000","2,470,000,000","2,479,000,000","2,444,900,000","2,413,000,000","2,301,000,000","2,277,000,000","2,284,000,000","2,328,888,173","2,360,456,471","2,342,453,614","2,367,407,530","2,411,884,788","2,572,466,957","2,578,765,756","2,632,281,423","2,624,734,400","2,739,218,160"
TotalOperatingIncomeAsReported,"11,731,000,000","9,769,000,000","7,946,000,000","10,056,000,000","10,152,000,000","9,086,000,000","8,403,000,000","8,702,000,000","8,268,000,000","8,977,000,000","11,089,000,000","10,983,000,000","11,507,000,000","10,780,000,000","11,526,000,000","9,982,000,000","8,964,000,000","6,781,000,000","7,642,000,000","6,507,000,000","6,117,000,000","5,635,000,000","5,092,000,000","4,325,000,000","4,884,000,000","4,610,000,000","5,029,069,767.442"
TotalExpenses,"37,129,000,000","36,891,000,000","35,515,000,000","33,918,000,000","39,746,000,000","39,591,000,000","37,696,000,000","34,702,000,000","41,168,000,000","41,410,000,000","42,545,000,000","41,733,000,000","40,464,000,000","48,595,000,000","40,035,000,000","35,121,000,000","33,620,000,000","32,166,000,000","27,463,000,000","23,246,000,000","21,160,000,000","19,295,000,000","15,785,000,000","14,437,000,000","17,301,000,000","15,775,000,000","18,010,174,418.605"
NetIncomeFromContinuingAndDiscontinuedOperation,"16,175,000,000","14,850,000,000","6,955,000,000","24,021,000,000","8,072,000,000","11,732,000,000","12,611,000,000","7,703,000,000","6,712,000,000","17,783,000,000","10,210,000,000","9,175,000,000","9,270,000,000","8,940,000,000","9,794,000,000","8,400,000,000","8,195,000,000","11,946,000,000","7,175,000,000","6,130,000,000","5,365,000,000","4,743,000,000","4,725,000,000","3,836,000,000","4,467,000,000","4,181,000,000","4,367,732,558.14"
NormalizedIncome,"10,281,017,249.289","8,767,876,000","6,204,112,000","22,971,411,000","8,182,295,000","7,142,000,000","12,797,000,000","7,546,792,000","7,114,790,000","7,355,296,000","10,637,772,000","9,255,714,000","9,507,736,000","8,962,516,000","9,794,000,000","8,344,617,012.699","8,016,721,444.363","6,374,743,689.061","6,768,118,213.66","5,782,645,696.811","5,234,497,659.906","4,467,501,220.788","4,345,746,928.747","3,664,595,055.413","4,147,643,431.635","3,892,438,859.715","4,367,732,558.14"
InterestIncome,,"627,000,000","377,000,000","70,000,000","91,000,000","245,000,000","292,000,000","110,000,000","43,000,000","33,000,000","33,000,000","34,000,000","50,000,000","62,000,000","103,000,000","156,000,000","306,000,000","423,000,000","367,000,000","405,000,000","388,000,000","323,000,000","416,000,000","379,000,000",,,
InterestExpense,"906,000,000","855,000,000","800,000,000","787,000,000","869,000,000","850,000,000","932,000,000","750,000,000","707,000,000","655,000,000","704,000,000","683,000,000","724,000,000","751,000,000","692,000,000","551,000,000","290,000,000","237,000,000","266,000,000","294,000,000","261,000,000","243,000,000","194,000,000","218,000,000",,,
NetInterestIncome,"-578,000,000","-419,000,000","-574,000,000","-794,000,000","-812,000,000","-805,000,000","-746,000,000","-650,000,000","-684,000,000","-717,000,000","-757,000,000","-701,000,000","-713,000,000","-727,000,000","-628,000,000","-418,000,000","-32,000,000","130,000,000","53,000,000","65,000,000","87,000,000","48,000,000","157,000,000","75,000,000",,,
EBIT,"11,805,000,000","9,978,000,000","7,977,000,000","25,317,000,000","10,747,000,000","9,790,000,000","15,027,000,000","9,852,000,000","8,524,000,000","8,789,000,000","12,976,000,000","11,490,000,000","11,960,000,000","11,306,000,000","12,394,000,000","10,473,000,000","9,789,000,000","7,724,000,000","8,260,000,000","7,161,000,000","6,671,000,000","5,977,000,000","5,892,000,000","4,910,000,000","4,884,000,000","4,610,000,000","5,029,069,767.442"
EBITDA,"18,980,000,000","18,255,000,000","14,682,000,000","30,914,000,000","17,211,000,000","15,616,000,000","20,238,000,000","14,588,000,000","14,567,000,000","14,260,000,000","17,658,000,000","15,895,000,000","16,402,000,000","17,094,000,000","15,813,000,000","12,774,000,000","12,459,000,000","10,582,000,000","10,183,000,000","8,782,000,000","7,970,000,000","7,260,000,000","7,187,000,000","5,947,000,000","5,625,000,000","5,558,000,000","6,037,790,697.674"
ReconciledCostOfRevenue,"12,408,000,000","12,472,000,000","11,582,000,000","11,735,000,000","15,121,000,000","14,425,000,000","14,510,000,000","13,633,000,000","17,520,000,000","17,404,000,000","17,345,000,000","16,579,000,000","15,866,000,000","18,983,000,000","14,488,000,000","12,179,000,000","11,439,000,000","11,032,000,000","9,411,000,000","7,439,000,000","6,700,000,000","6,457,000,000","4,994,000,000","4,744,000,000","6,346,000,000","5,220,000,000","7,305,232,558.14"
ReconciledDepreciation,"7,175,000,000","8,277,000,000","6,705,000,000","5,597,000,000","6,464,000,000","5,826,000,000","5,211,000,000","4,736,000,000","6,043,000,000","5,471,000,000","4,682,000,000","4,405,000,000","4,442,000,000","5,788,000,000","3,419,000,000","2,301,000,000","2,670,000,000","2,858,000,000","1,923,000,000","1,621,000,000","1,299,000,000","1,283,000,000","1,295,000,000","1,037,000,000","741,000,000","948,000,000","1,008,720,930.233"
NetIncomeFromContinuingOperationNetMinorityInterest,"10,083,000,000","8,568,000,000","6,049,000,000","22,908,000,000","8,072,000,000","7,142,000,000","12,797,000,000","7,499,000,000","6,712,000,000","7,017,000,000","10,657,000,000","9,192,000,000","9,417,000,000","8,940,000,000","9,794,000,000","8,400,000,000","8,125,000,000","6,518,000,000","6,798,000,000","5,870,000,000","5,350,000,000","4,743,000,000","4,725,000,000","3,836,000,000","4,467,000,000","4,181,000,000","4,367,732,558.14"
TotalUnusualItemsExcludingGoodwill,"-214,000,000","-214,000,000","-184,000,000","-69,000,000","-135,000,000","-160,000,000","-66,000,000","-58,000,000","-470,000,000","-392,000,000","22,000,000","-74,000,000","-107,000,000","-26,000,000","0","65,000,000","126,000,000","164,000,000","35,000,000","102,000,000","138,000,000","330,000,000","456,000,000","209,000,000","400,000,000","368,000,000",
TotalUnusualItems,"-214,000,000","-214,000,000","-184,000,000","-69,000,000","-135,000,000","-160,000,000","-66,000,000","-58,000,000","-470,000,000","-392,000,000","22,000,000","-74,000,000","-107,000,000","-26,000,000","0","65,000,000","126,000,000","164,000,000","35,000,000","102,000,000","138,000,000","330,000,000","456,000,000","209,000,000","400,000,000","368,000,000",
NormalizedEBITDA,"19,194,000,000","18,469,000,000","14,866,000,000","30,983,000,000","17,346,000,000","15,616,000,000","20,238,000,000","14,646,000,000","15,037,000,000","14,652,000,000","17,636,000,000","15,969,000,000","16,509,000,000","17,120,000,000","15,813,000,000","12,709,000,000","12,333,000,000","10,418,000,000","10,148,000,000","8,680,000,000","7,832,000,000","6,930,000,000","6,731,000,000","5,738,000,000","5,225,000,000","5,190,000,000","6,037,790,697.674"
TaxRateForCalcs,"0.075","0.066","0.157","0.081","0.183","0.201","0.092","0.176","0.143","0.137","0.126","0.139","0.152","0.134","0.148","0.148","0.141","0.126","0.146","0.144","0.163","0.165","0.168","0.18","0.202","0.216","0.238"
TaxEffectOfUnusualItems,"-15,982,750.711","-14,124,000","-28,888,000","-5,589,000","-24,705,000","0","0","-10,208,000","-67,210,000","-53,704,000","2,772,000","-10,286,000","-16,264,000","-3,484,000","0","9,617,012.699","17,721,444.363","20,743,689.061","5,118,213.66","14,645,696.811","22,497,659.906","54,501,220.788","76,746,928.747","37,595,055.413","80,643,431.635","79,438,859.715","0"