name,ttm,12/31/2023,12/31/2022,12/31/2021,12/31/2020,12/31/2019,12/31/2018,12/31/2017,12/31/2016,12/31/2015,12/31/2014,12/31/2013,12/31/2012,12/31/2011,12/31/2010,12/31/2009,12/31/2008,12/31/2007,12/31/2006,12/31/2005,12/31/2004,12/31/2003,12/31/2002,12/31/2001,12/31/2000,12/31/1999,12/31/1998,12/31/1997,12/31/1996,12/31/1995,12/31/1994,12/31/1993,12/31/1992,12/31/1991,12/31/1990
TotalRevenue,"13,489,100,000","13,117,200,000","12,172,900,000","16,071,700,000","8,497,100,000","6,557,600,000","5,145,600,000","5,872,200,000","4,860,400,000","4,103,728,000","2,819,557,000","2,104,745,000","1,378,477,000","445,824,000","459,074,000","379,268,000","238,457,000","125,024,000","63,447,000","66,193,000","174,017,000","57,497,000","21,988,000","21,973,000","59,276,000","34,500,000","38,300,000","26,900,000","24,100,000","27,400,000","23,200,000","10,600,000","11,500,000","7,300,000","5,000,000"
	OperatingRevenue,"12,916,900,000","12,581,100,000","11,807,800,000","15,790,500,000","7,940,100,000","6,383,600,000","5,016,600,000","5,533,800,000","4,741,400,000","4,028,839,000","2,787,616,000","2,076,239,000","1,378,477,000","445,824,000","459,074,000","379,268,000","238,457,000","125,024,000","63,447,000","66,193,000","174,017,000","57,497,000","21,988,000","21,973,000","59,276,000","34,500,000","38,300,000","26,900,000","24,100,000","27,400,000","23,200,000","10,600,000","11,500,000","7,300,000","5,000,000"
CostOfRevenue,"1,867,400,000","1,815,800,000","1,560,400,000","2,437,500,000","1,119,900,000","765,100,000","417,500,000","397,100,000","299,700,000","392,709,000","205,018,000","155,355,000","84,455,000","4,216,000","2,093,000","1,686,000","923,000","0","8,146,000","9,557,000","15,214,000","6,676,000","6,483,000","6,509,000","15,566,000","3,600,000","5,000,000","2,600,000","1,100,000",,,,,"12,800,000","6,300,000"
GrossProfit,"11,621,700,000","11,301,400,000","10,612,500,000","13,634,200,000","7,377,200,000","5,792,500,000","4,728,100,000","5,475,100,000","4,560,700,000","3,711,019,000","2,614,539,000","1,949,390,000","1,294,022,000","441,608,000","456,981,000","377,582,000","237,534,000","125,024,000","55,301,000","56,636,000","158,803,000","50,821,000","15,505,000","15,464,000","43,710,000","30,900,000","33,300,000","24,300,000","23,000,000",,,,,"-5,500,000","-1,300,000"
OperatingExpense,"7,555,800,000","7,068,200,000","5,618,500,000","4,639,400,000","3,800,600,000","3,582,700,000","2,193,700,000","3,395,500,000","3,230,000,000","2,459,103,000","1,790,620,000","1,206,340,000","836,309,000","646,767,000","554,453,000","451,685,000","323,783,000","239,478,000","162,956,000","-67,785,000","153,157,000","150,809,000","137,458,000","101,147,000","68,986,000","54,700,000","45,800,000","38,000,000","40,300,000","35,000,000","52,400,000","49,400,000","29,800,000","4,100,000","2,000,000"
	SellingGeneralAndAdministration,"2,826,000,000","2,631,300,000","2,115,900,000","1,824,900,000","1,346,000,000","1,341,900,000","1,127,200,000","1,320,400,000","1,177,700,000","838,526,000","519,267,000","346,393,000","210,755,000","117,261,000","65,201,000","52,923,000","48,880,000","37,865,000","25,892,000","25,476,000","17,062,000","14,785,000","12,532,000","9,607,000","8,309,000","6,400,000","5,800,000","5,800,000","5,900,000","5,800,000","8,500,000","46,300,000","27,800,000","3,300,000","1,700,000"
	ResearchAndDevelopment,"4,700,900,000","4,439,000,000","3,592,500,000","2,860,100,000","2,735,000,000","2,450,000,000","1,468,800,000","2,075,100,000","2,052,300,000","1,620,577,000","1,271,353,000","859,947,000","625,554,000","529,506,000","489,252,000","398,762,000","274,903,000","201,613,000","137,064,000","155,581,000","136,095,000","136,024,000","124,926,000","91,540,000","56,256,000","44,900,000","37,000,000","27,800,000","28,300,000","23,300,000","39,700,000",,,,
	DepreciationAmortizationDepletionIncomeStatement,,,,,,,,,,,,,,,,,,,,,,,,,"4,421,000","3,400,000","3,000,000","4,400,000","6,100,000","5,900,000","4,200,000","3,100,000","2,000,000","800,000","300,000"
		DepreciationAndAmortizationInIncomeStatement,,,,,,,,,,,,,,,,,,,,,,,,,"4,421,000","3,400,000","3,000,000","4,400,000","6,100,000","5,900,000","4,200,000","3,100,000","2,000,000","800,000","300,000"
	OtherOperatingExpenses,"28,900,000","-2,100,000","-89,900,000","-45,600,000","-280,400,000","-209,200,000","-402,300,000",,,,,,,,,,,,,"-248,842,000",,,,,,,,,,,,,,,
OperatingIncome,"4,065,900,000","4,233,200,000","4,994,000,000","8,994,800,000","3,576,600,000","2,209,800,000","2,534,400,000","2,079,600,000","1,330,700,000","1,251,916,000","823,919,000","743,050,000","457,713,000","-205,159,000","-97,472,000","-74,103,000","-86,249,000","-114,454,000","-107,655,000","124,421,000","5,646,000","-99,988,000","-121,953,000","-85,683,000","-25,276,000","-23,800,000","-12,500,000","-13,700,000","-17,300,000","-7,600,000","-29,200,000","-38,800,000","-18,300,000","-9,600,000","-3,300,000"
NetNonOperatingInterestIncomeExpense,"556,300,000","422,900,000","100,700,000","-11,500,000","-56,900,000","-30,200,000","-28,200,000","-25,100,000","-7,200,000","-14,241,000","-37,372,000","-46,437,000","-45,304,000","-21,282,000","-9,118,000","-2,337,000","-7,752,000","-12,043,000",,,,,,,,,,,,,,,,,
	InterestIncomeNonOperating,"623,300,000","495,900,000","160,100,000","45,800,000",,,,,,,,,,,,,,,,,,,,,,,,,,,,,,,
	InterestExpenseNonOperating,"67,000,000","73,000,000","59,400,000","57,300,000","56,900,000","30,200,000","28,200,000","25,100,000","7,200,000","14,241,000","37,372,000","46,437,000","45,304,000","21,282,000","9,118,000","2,337,000","7,752,000","12,043,000",,,,,,,,,,,,,,,,,
OtherIncomeExpense,"-35,000,000","-456,800,000","-235,900,000","342,500,000","290,700,000","249,500,000","47,300,000","24,000,000","6,300,000","-12,578,000","-25,312,000","-231,000","2,012,000","3,549,000","2,122,000","4,488,000","17,223,000","20,897,000","16,548,000","41,021,000","48,228,000","4,462,000","9,435,000","12,160,000","-4,575,000","-4,200,000","-2,500,000","2,800,000","-14,300,000","-14,700,000",,,,"5,200,000",
	GainOnSaleOfSecurity,"141,200,000","-250,700,000","10,400,000","386,500,000",,,,,,"6,283,000","8,157,000","-231,000","2,012,000","3,549,000","2,122,000",,,,,,,,,,,,,,,,,,,,
	SpecialIncomeCharges,"-161,000,000","-186,100,000","-255,100,000","-48,000,000",,,,,,"-18,861,000","-33,469,000","0","0",,"2,122,000","4,488,000","17,223,000","20,897,000","16,548,000","41,021,000","48,228,000","4,462,000","9,435,000","12,160,000","-4,575,000","-4,200,000","-2,500,000","2,800,000","-14,300,000","-14,700,000",,,,"5,200,000",
		RestructuringAndMergernAcquisition,,"186,100,000","255,100,000","48,000,000",,,,,,,,,,,,,,,,,,,,,,,,,,,,,,,
		WriteOff,,,,,,,,,,,,,,,,"0","938,000","0",,,,,,,,,,,,,,,,,
		OtherSpecialCharges,"161,000,000","186,100,000","255,100,000","48,000,000",,,,,,"18,861,000","33,469,000",,,,,"-4,488,000","-18,161,000","-20,897,000",,,,,,,,,,,,,,,,,
	OtherNonOperatingIncomeExpenses,"-15,200,000","-20,000,000","8,800,000","4,000,000","290,700,000","249,500,000","47,300,000","24,000,000","6,300,000","-12,578,000","-25,312,000",,,,,,,,,,,,,,,,,,,,,,,,
PretaxIncome,"4,587,200,000","4,199,300,000","4,858,800,000","9,325,800,000","3,810,400,000","2,429,100,000","2,553,500,000","2,078,500,000","1,329,800,000","1,225,097,000","761,235,000","696,382,000","414,421,000","-222,892,000","-104,468,000","-71,952,000","-76,778,000","-105,600,000",,,,,,,,,,,,,,,,,
TaxProvision,"265,500,000","245,700,000","520,400,000","1,250,500,000","297,200,000","313,300,000","109,100,000","880,000,000","434,300,000","589,041,000","423,109,000","282,644,000","-335,848,000","-1,132,000","0","-4,122,000","2,351,000","0",,,,,,,,,,,,,,,,,
NetIncomeCommonStockholders,"4,321,700,000","3,953,600,000","4,338,400,000","8,075,300,000","3,513,200,000","2,115,800,000","2,444,400,000","1,198,500,000","895,500,000","636,056,000","338,126,000","413,738,000","750,269,000","-221,760,000","-104,468,000","-67,830,000","-79,129,000","-105,600,000","-102,337,000","-95,446,000","41,699,000","-107,458,000","-124,377,000","-76,180,000","-23,215,000","-23,100,000","-8,600,000","-11,600,000","-32,400,000","-23,500,000","-30,700,000","-39,900,000","-19,100,000","-4,500,000","-3,300,000"
	NetIncome,"4,321,700,000","3,953,600,000","4,338,400,000","8,075,300,000","3,513,200,000","2,115,800,000","2,444,400,000","1,198,500,000","895,500,000","636,056,000","338,126,000","413,738,000","750,269,000","-221,760,000","-104,468,000","-67,830,000","-79,129,000","-105,600,000","-102,337,000","-95,446,000","41,699,000","-107,458,000","-124,377,000","-76,180,000","-23,215,000","-23,100,000","-8,600,000","-11,600,000","-32,400,000","-23,500,000","-30,700,000","-39,900,000","-19,100,000","-4,500,000","-3,300,000"
		NetIncomeIncludingNoncontrollingInterests,"4,321,700,000","3,953,600,000","4,338,400,000","8,075,300,000","3,513,200,000","2,115,800,000","2,444,400,000","1,198,500,000","895,500,000","636,056,000","338,126,000","413,738,000","750,269,000","-221,760,000","-104,468,000","-67,830,000","-79,129,000","-105,600,000","-102,337,000","-95,446,000","41,699,000","-107,458,000","-124,377,000","-76,180,000","-23,215,000","-23,100,000","-8,600,000","-11,600,000","-32,400,000","-23,500,000","-30,700,000","-39,900,000","-19,100,000","-4,500,000","-3,300,000"
			NetIncomeContinuousOperations,"4,321,700,000","3,953,600,000","4,338,400,000","8,075,300,000","3,513,200,000","2,115,800,000","2,444,400,000","1,198,500,000","895,500,000","636,056,000","338,126,000","413,738,000","750,269,000","-221,760,000","-104,468,000","-67,830,000","-79,129,000","-105,600,000","-103,150,000","-95,446,000","41,699,000","-107,458,000","-124,377,000","-76,180,000","-21,652,000","-23,100,000","-8,600,000","-11,600,000","-32,400,000","-23,500,000","-30,700,000","-39,900,000","-19,100,000","-4,500,000","-3,300,000"
			NetIncomeDiscontinuousOperations,,,,,,,,,,,,,,,,,,,,,,,,,"-1,563,000",,,,,,,,,,
			NetIncomeExtraordinary,,,,,,,,,,,,,,,,,"0","0","813,000",,,,,,,,,,,,,,,,
AverageDilutionEarnings,,,,,,,"0","0","400,000","0","0","0","29,126,000","0","0",,,,,,,,,,,,,,,,,,,,
DilutedNIAvailtoComStockholders,"4,321,700,000","3,953,600,000","4,338,400,000","8,075,300,000","3,513,200,000","2,115,800,000","2,444,400,000","1,198,500,000","895,900,000","636,056,000","338,126,000","413,738,000","779,395,000","-221,760,000","-104,468,000","-67,830,000","-79,129,000","-105,600,000","-102,337,000","-95,446,000","41,699,000","-107,458,000","-124,377,000","-76,180,000","-23,215,000","-23,100,000","-8,600,000","-11,600,000","-32,400,000","-23,500,000","-30,700,000","-39,900,000","-19,100,000","-4,500,000","-3,300,000"
BasicEPS,"40.31","37.05","40.51","76.4","32.65","19.38","22.65","11.27","8.55","6.17","3.46","4.33","7.92","-2.45","-1.26","-0.85","-1.05","-1.59","-1.77","-1.71","0.75","-2.13","-2.83","-1.81","-0.66","-0.74","-0.28","-0.4","-1.33","-1.19","-1.62","-2.41","-1.24","-0.29","-0.63"
DilutedEPS,"37.77","34.77","38.22","71.97","30.52","18.46","21.29","10.34","7.7","5.52","3.07","3.81","6.75","-2.45","-1.26","-0.85","-1.05","-1.59","-1.77","-1.71","0.74","-2.13","-2.83","-1.81","-0.66","-0.74","-0.28","-0.4","-1.33","-1.19","-1.62","-2.41","-1.24","-0.29","-0.63"
BasicAverageShares,"107,200,000","106,700,000","107,100,000","105,700,002","107,600,002","109,200,002","107,900,002","106,338,002","104,719,002","103,061,002","100,612,002","97,917,001","94,685,001","90,610,001","82,926,001","79,782,001","78,827,001","66,334,001","57,970,001","55,950,001","55,419,001","50,449,766","43,949,471","42,088,399","35,174,243","31,216,217","30,714,286","29,000,001","24,463,516","19,747,900","18,950,618","16,556,017","15,403,226","15,517,242","15,364,000"
DilutedAverageShares,"114,400,000","113,700,000","113,500,000","112,200,002","115,100,002","114,600,002","114,800,002","115,954,002","116,367,002","115,230,002","113,413,002","111,290,002","115,382,002","90,610,001","82,926,001","79,782,001","78,827,001","66,334,001","57,970,001","55,950,001","56,172,001","50,449,766","43,949,471","42,088,399","35,174,243","31,449,276","31,000,001","29,000,001","24,463,516","19,747,900","18,950,618","16,556,017","15,403,226","15,517,242","15,364,000"
TotalOperatingIncomeAsReported,"3,904,900,000","4,047,100,000","4,738,900,000","8,946,800,000","3,576,600,000","2,209,800,000","2,534,400,000","2,079,600,000","1,330,700,000","1,251,916,000","823,919,000","743,050,000","457,713,000","-205,159,000","-97,472,000","-74,103,000","-86,249,000","-114,454,000","-107,655,000","124,421,000","5,646,000","-99,988,000","-121,953,000","-85,683,000","-25,276,000","-23,800,000","-12,500,000","-13,700,000","-17,300,000","-7,600,000","-29,200,000","-38,800,000","-18,300,000","-9,600,000","-3,300,000"
TotalExpenses,"9,423,200,000","8,884,000,000","7,178,900,000","7,076,900,000","4,920,500,000","4,347,800,000","2,611,200,000","3,792,600,000","3,529,700,000","2,851,812,000","1,995,638,000","1,361,695,000","920,764,000","650,983,000","556,546,000","453,371,000","324,706,000","239,478,000","171,102,000","-58,228,000","168,371,000","157,485,000","143,941,000","107,656,000","84,552,000","58,300,000","50,800,000","40,600,000","41,400,000","35,000,000","52,400,000","49,400,000","29,800,000","16,900,000","8,300,000"
NetIncomeFromContinuingAndDiscontinuedOperation,"4,321,700,000","3,953,600,000","4,338,400,000","8,075,300,000","3,513,200,000","2,115,800,000","2,444,400,000","1,198,500,000","895,500,000","636,056,000","338,126,000","413,738,000","750,269,000","-221,760,000","-104,468,000","-67,830,000","-79,129,000","-105,600,000","-103,150,000","-95,446,000","41,699,000","-107,458,000","-124,377,000","-76,180,000","-23,215,000","-23,100,000","-8,600,000","-11,600,000","-32,400,000","-23,500,000","-30,700,000","-39,900,000","-19,100,000","-4,500,000","-3,300,000"
NormalizedIncome,"4,340,354,006.802","4,364,628,800","4,556,917,100","7,782,159,000","3,513,200,000","2,115,800,000","2,444,400,000","1,198,500,000","895,500,000","636,056,000","338,126,000","413,888,150","748,961,200","-225,290,975.719","-106,590,000","-72,060,890.594","-90,323,950","-126,497,000","-113,078,800","-120,058,600","12,762,200","-110,135,200","-130,038,000","-83,476,000","-18,907,000","-20,580,000","-7,100,000","-13,280,000","-23,820,000","-14,680,000","-30,700,000","-39,900,000","-19,100,000","-7,620,000","-3,300,000"
InterestIncome,"623,300,000","495,900,000","160,100,000","45,800,000",,,,,,,,,,,,,,,,,,,,,,,,,,,,,,,
InterestExpense,"67,000,000","73,000,000","59,400,000","57,300,000","56,900,000","30,200,000","28,200,000","25,100,000","7,200,000","14,241,000","37,372,000","46,437,000","45,304,000","21,282,000","9,118,000","2,337,000","7,752,000","12,043,000",,,,,,,,,,,,,,,,,
NetInterestIncome,"556,300,000","422,900,000","100,700,000","-11,500,000","-56,900,000","-30,200,000","-28,200,000","-25,100,000","-7,200,000","-14,241,000","-37,372,000","-46,437,000","-45,304,000","-21,282,000","-9,118,000","-2,337,000","-7,752,000","-12,043,000",,,,,,,,,,,,,,,,,
EBIT,"4,654,200,000","4,272,300,000","4,918,200,000","9,383,100,000","3,867,300,000","2,459,300,000","2,581,700,000","2,103,600,000","1,337,000,000","1,239,338,000","798,607,000","742,819,000","459,725,000","-201,610,000","-95,350,000","-69,615,000","-69,026,000","-93,557,000","-107,655,000","124,421,000","5,646,000","-99,988,000","-121,953,000","-85,683,000","-25,276,000","-23,800,000","-12,500,000","-13,700,000","-17,300,000","-7,600,000","-29,200,000","-38,800,000","-18,300,000","-9,600,000","-3,300,000"
EBITDA,"5,107,400,000","4,693,300,000","5,259,600,000","9,669,300,000","4,103,200,000","2,669,600,000","2,729,900,000","2,249,100,000","1,441,700,000","1,314,247,000","851,293,000","784,023,000","496,665,000","-170,528,000","-75,663,000","-55,368,000","-57,739,000","-82,070,000","-93,063,000","139,925,000","21,008,000","-87,051,000","-113,499,000","-79,606,000","-20,855,000","-20,400,000","-9,500,000","-9,300,000","-11,200,000","-1,700,000","-25,000,000","-35,700,000","-16,300,000","-8,800,000","-3,000,000"
ReconciledCostOfRevenue,"1,867,400,000","1,815,800,000","1,560,400,000","2,437,500,000","1,119,900,000","765,100,000","417,500,000","397,100,000","299,700,000","392,709,000","205,018,000","155,355,000","84,455,000","4,216,000","2,093,000","1,686,000","923,000","0","8,146,000","9,557,000","15,214,000","6,676,000","6,483,000","6,509,000","15,566,000","3,600,000","5,000,000","2,600,000","1,100,000",,,,,"12,800,000","6,300,000"
ReconciledDepreciation,"453,200,000","421,000,000","341,400,000","286,200,000","235,900,000","210,300,000","148,200,000","145,500,000","104,700,000","74,909,000","52,686,000","41,204,000","36,940,000","31,082,000","19,687,000","14,247,000","11,287,000","11,487,000","14,592,000","15,504,000","15,362,000","12,937,000","8,454,000","6,077,000","4,421,000","3,400,000","3,000,000","4,400,000","6,100,000","5,900,000","4,200,000","3,100,000","2,000,000","800,000","300,000"
NetIncomeFromContinuingOperationNetMinorityInterest,"4,321,700,000","3,953,600,000","4,338,400,000","8,075,300,000","3,513,200,000","2,115,800,000","2,444,400,000","1,198,500,000","895,500,000","636,056,000","338,126,000","413,738,000","750,269,000","-221,760,000","-104,468,000","-67,830,000","-79,129,000","-105,600,000","-103,150,000","-95,446,000","41,699,000","-107,458,000","-124,377,000","-76,180,000","-21,652,000","-23,100,000","-8,600,000","-11,600,000","-32,400,000","-23,500,000","-30,700,000","-39,900,000","-19,100,000","-4,500,000","-3,300,000"
TotalUnusualItemsExcludingGoodwill,"-19,800,000","-436,800,000","-244,700,000","338,500,000",,,,,,"-12,578,000","-25,312,000","-231,000","2,012,000","3,549,000","2,122,000","4,488,000","17,223,000","20,897,000","16,548,000","41,021,000","48,228,000","4,462,000","9,435,000","12,160,000","-4,575,000","-4,200,000","-2,500,000","2,800,000","-14,300,000","-14,700,000",,,,"5,200,000",
TotalUnusualItems,"-19,800,000","-436,800,000","-244,700,000","338,500,000",,,,,,"-12,578,000","-25,312,000","-231,000","2,012,000","3,549,000","2,122,000","4,488,000","17,223,000","20,897,000","16,548,000","41,021,000","48,228,000","4,462,000","9,435,000","12,160,000","-4,575,000","-4,200,000","-2,500,000","2,800,000","-14,300,000","-14,700,000",,,,"5,200,000",
NormalizedEBITDA,"5,127,200,000","5,130,100,000","5,504,300,000","9,330,800,000","4,103,200,000","2,669,600,000","2,729,900,000","2,249,100,000","1,441,700,000","1,314,247,000","851,293,000","784,254,000","494,653,000","-174,077,000","-77,785,000","-59,856,000","-74,962,000","-102,967,000","-109,611,000","98,904,000","-27,220,000","-91,513,000","-122,934,000","-91,766,000","-16,280,000","-16,200,000","-7,000,000","-12,100,000","3,100,000","13,000,000","-25,000,000","-35,700,000","-16,300,000","-14,000,000","-3,000,000"
TaxRateForCalcs,"0.058","0.059","0.107","0.134","0.078","0.129","0.043","0.4","0.327","0.4","0.35","0.35","0.35","0.005","0","0.057","0.35","0","0.4","0.4","0.4","0.4","0.4","0.4","0.4","0.4","0.4","0.4","0.4","0.4","0.4","0.4","0.4","0.4","0.4"
TaxEffectOfUnusualItems,"-1,145,993.198","-25,771,200","-26,182,900","45,359,000","0","0","0","0","0","0","0","-80,850","704,200","18,024.281","0","257,109.406","6,028,050","0","6,619,200","16,408,400","19,291,200","1,784,800","3,774,000","4,864,000","-1,830,000","-1,680,000","-1,000,000","1,120,000","-5,720,000","-5,880,000","0","0","0","2,080,000","0"