name,ttm,12/31/2023,12/31/2022,12/31/2021,12/31/2020,12/31/2019,12/31/2018,12/31/2017,12/31/2016,12/31/2015,12/31/2014,12/31/2013,12/31/2012,12/31/2011,12/31/2010,12/31/2009,12/31/2008,12/31/2007,12/31/2006,12/31/2005,12/31/2004,12/31/2003,12/31/2002,12/31/2001,12/31/2000,12/31/1999,12/31/1998,12/31/1997,12/31/1996,12/31/1995,12/31/1994,12/31/1993,12/31/1992,12/31/1991,12/31/1990,12/31/1989,12/31/1988,03/31/1987,03/31/1986
TotalRevenue,"16,289,000,000","15,845,000,000","14,925,000,000","15,879,000,000","16,658,000,000","16,887,000,000","18,271,000,000","21,853,000,000","21,903,000,000","19,652,000,000","20,272,000,000","20,314,000,000","20,317,000,000","18,312,000,000","16,121,000,000","13,899,000,000","11,085,000,000","9,408,000,000","8,408,000,000","5,250,000,000","4,799,000,000","3,276,400,000","2,518,600,000","2,077,370,000","1,749,854,000","1,282,406,000","1,115,928,000","1,116,897,000","953,800,000","811,300,000","728,300,000","502,000,000","396,300,000","327,100,000","329,000,000","281,100,000","211,100,000","139,600,000","91,200,000"
	OperatingRevenue,"15,692,000,000","15,275,000,000","14,497,000,000","15,379,000,000","15,978,000,000","16,171,000,000","17,419,000,000","20,967,000,000","21,266,000,000","19,652,000,000","20,272,000,000","20,314,000,000","20,317,000,000","18,312,000,000","16,121,000,000","13,899,000,000","11,085,000,000","9,408,000,000","8,408,000,000","5,250,000,000","4,799,000,000","3,276,400,000","2,518,600,000","2,077,370,000","1,749,854,000","1,282,406,000","1,115,928,000","1,116,897,000","953,800,000","811,300,000","728,300,000","502,000,000","396,300,000","327,100,000","329,000,000","281,100,000","211,100,000","139,600,000","91,200,000"
CostOfRevenue,"8,227,000,000","8,200,000,000","7,952,000,000","8,284,000,000","8,933,000,000","9,351,000,000","9,975,000,000","11,237,000,000","10,250,000,000","8,296,000,000","9,216,000,000","9,607,000,000","9,665,000,000","8,797,000,000","7,056,000,000","6,532,000,000","5,117,000,000","4,531,000,000","4,149,000,000","2,770,000,000","2,560,000,000","1,757,500,000","1,423,200,000","1,230,077,000","962,990,000","699,203,000","636,100,000","628,900,000","550,400,000","481,500,000","416,200,000","268,500,000","223,800,000","194,100,000","191,300,000","180,700,000","129,500,000","84,900,000","58,800,000"
GrossProfit,"8,062,000,000","7,645,000,000","6,973,000,000","7,594,000,000","7,726,000,000","7,537,000,000","8,296,000,000","10,615,000,000","11,653,000,000","11,356,000,000","11,056,000,000","10,707,000,000","10,652,000,000","9,515,000,000","9,065,000,000","7,367,000,000","5,968,000,000","4,877,000,000","4,259,000,000","2,480,000,000","2,239,000,000","1,518,900,000","1,095,400,000","847,293,000","786,864,000","583,203,000","479,828,000","487,997,000","403,400,000","329,800,000","312,100,000","233,500,000","172,500,000","133,000,000","137,700,000","100,400,000","81,600,000","54,700,000","32,400,000"
OperatingExpense,"4,564,000,000","4,451,000,000","4,283,000,000","4,495,000,000","4,668,000,000","4,816,000,000","5,427,000,000","6,624,000,000","7,050,000,000","6,363,000,000","6,566,000,000","6,746,000,000","6,473,000,000","5,505,000,000","4,784,000,000","4,301,000,000","4,699,000,000","2,482,000,000","2,163,000,000","1,168,000,000","1,064,000,000","634,100,000","571,400,000","470,837,000","411,654,000","315,733,000","276,094,000","314,200,000","274,100,000","225,600,000","208,600,000","145,500,000","117,800,000","80,900,000","97,400,000","56,200,000","59,100,000","35,400,000","20,500,000"
	SellingGeneralAndAdministration,"3,573,000,000","3,498,000,000","3,445,000,000","3,528,000,000","3,671,000,000","3,806,000,000","4,214,000,000","4,846,000,000","4,973,000,000","4,838,000,000","5,078,000,000","5,319,000,000","5,117,000,000","4,410,000,000","3,833,000,000","3,499,000,000","2,511,000,000","1,901,000,000","1,572,000,000","799,000,000","697,000,000","520,600,000","406,400,000","363,564,000","307,079,000","233,891,000","208,000,000","197,000,000","167,600,000","145,400,000","129,700,000","101,200,000","82,500,000","67,100,000","84,800,000","56,100,000","51,300,000","30,300,000","17,000,000"
		GeneralAndAdministrativeExpense,"1,121,000,000","1,162,000,000","1,180,000,000","1,099,000,000","1,173,000,000","1,192,000,000","1,298,000,000","1,451,000,000","1,390,000,000","1,360,000,000","1,217,000,000","1,239,000,000","1,238,000,000","932,000,000","865,000,000","823,000,000",,,,,,,,,,,,,,,,,,,,,,,
			OtherGandA,"1,121,000,000","1,162,000,000","1,180,000,000","1,099,000,000","1,173,000,000","1,192,000,000","1,298,000,000","1,451,000,000","1,390,000,000","1,360,000,000","1,217,000,000","1,239,000,000","1,238,000,000","932,000,000","865,000,000","823,000,000",,,,,,,,,,,,,,,,,,,,,,,
		SellingAndMarketingExpense,"2,452,000,000","2,336,000,000","2,265,000,000","2,429,000,000","2,498,000,000","2,614,000,000","2,916,000,000","3,395,000,000","3,583,000,000","3,478,000,000","3,861,000,000","4,080,000,000","3,879,000,000","3,478,000,000","2,968,000,000","2,676,000,000",,,,,,,,,,,,,,,,,,,,,,,
	ResearchAndDevelopment,"991,000,000","953,000,000","838,000,000","967,000,000","997,000,000","1,010,000,000","1,213,000,000","1,778,000,000","2,077,000,000","1,525,000,000","1,488,000,000","1,427,000,000","1,356,000,000","1,095,000,000","951,000,000","802,000,000","2,188,000,000","581,000,000","495,000,000","369,000,000","338,000,000","213,500,000","165,000,000","107,273,000","104,575,000","81,842,000","68,100,000","65,200,000","62,800,000","47,200,000","48,100,000","24,700,000","17,200,000",,,,,,
	DepreciationAmortizationDepletionIncomeStatement,,,,,,,,,,,,,,,,,,,,,,,,,"94,985,000","68,424,000","58,700,000","52,000,000","43,700,000","33,000,000","30,800,000","19,600,000","18,100,000","13,800,000","12,600,000","100,000","7,800,000","5,100,000","3,500,000"
		DepreciationAndAmortizationInIncomeStatement,,,,,,,,,,,,,,,,,,,,,,,,,"94,985,000","68,424,000","58,700,000","52,000,000","43,700,000","33,000,000","30,800,000","19,600,000","18,100,000","13,800,000","12,600,000","100,000","7,800,000","5,100,000","3,500,000"
	OtherOperatingExpenses,,,,,,"-22,000,000","-20,000,000","-22,000,000","-19,000,000","-52,000,000",,,,,,,,,"96,000,000",,"29,000,000","-100,000,000",,,"-94,985,000","-68,424,000","-58,706,000",,,,,,,,,,,,
OperatingIncome,"3,498,000,000","3,194,000,000","2,690,000,000","3,099,000,000","3,058,000,000","2,721,000,000","2,869,000,000","3,991,000,000","4,603,000,000","4,993,000,000","4,490,000,000","3,961,000,000","4,179,000,000","4,010,000,000","4,281,000,000","3,066,000,000","1,269,000,000","2,395,000,000","2,096,000,000","1,312,000,000","1,175,000,000","884,800,000","524,000,000","376,456,000","375,210,000","267,470,000","203,734,000","173,797,000","129,300,000","104,200,000","103,500,000","88,000,000","54,700,000","52,100,000","40,300,000","44,200,000","22,500,000","19,300,000","11,900,000"
NetNonOperatingInterestIncomeExpense,"-1,058,000,000","-1,095,000,000","-991,000,000","-962,000,000","-963,000,000","-877,000,000","-985,000,000","-872,000,000","-548,000,000","-412,000,000","-301,000,000","-423,000,000","-387,000,000","-234,000,000","-202,000,000","-202,000,000","-318,000,000",,,,,,,,,,,,,,,,,,,,,,
	InterestExpenseNonOperating,"992,000,000","1,029,000,000","930,000,000","891,000,000","901,000,000","822,000,000","920,000,000","875,000,000","546,000,000","270,000,000","300,000,000","314,000,000","355,000,000","234,000,000","202,000,000","202,000,000","318,000,000",,,,,,,,,,,,,,,,,,,,,,
	TotalOtherFinanceCost,,"66,000,000","61,000,000","71,000,000","62,000,000","55,000,000","65,000,000","-3,000,000","2,000,000","142,000,000","1,000,000","109,000,000","32,000,000",,,,,,,,,,,,,,,,,,,,,,,,,,
OtherIncomeExpense,"-2,583,000,000","-2,723,000,000","-4,859,000,000","-1,480,000,000","-6,500,000,000","-3,108,000,000","-4,480,000,000","-21,498,000,000","-3,231,000,000","-2,229,000,000","-551,000,000","-2,288,000,000","-1,973,000,000","-820,000,000","-433,000,000","-661,000,000","-125,000,000","155,000,000","-1,310,000,000","2,000,000","-628,000,000","94,100,000","9,400,000","-7,756,000","-25,475,000","-7,036,000","-21,995,000","-9,300,000","-11,000,000","200,000","3,100,000","2,500,000","700,000","900,000","1,400,000","-6,700,000","1,000,000","7,100,000","4,700,000"
	GainOnSaleOfSecurity,,"38,000,000","26,000,000","-97,000,000","130,000,000","56,000,000","26,000,000","-23,000,000","-646,000,000","43,000,000","-6,000,000","24,000,000","1,000,000","81,000,000","-23,000,000","58,000,000",,,,,,,,,,,,,,,,,,,,,,,
	EarningsFromEquityInterest,,,,,,,,,,,,,,,,,"-1,000,000","-3,000,000","-3,000,000","2,000,000","-1,000,000","1,500,000","-2,700,000","778,000","374,000","-550,000","903,000",,,,,,,,,,,,
	SpecialIncomeCharges,"-2,610,000,000","-2,747,000,000","-4,859,000,000","-1,364,000,000","-6,626,000,000","-3,160,000,000","-4,584,000,000","-21,395,000,000","-2,520,000,000","-2,312,000,000","-521,000,000","-2,312,000,000","-2,007,000,000","-901,000,000","-410,000,000","-661,000,000","-124,000,000","158,000,000","-1,307,000,000",,"-627,000,000","92,600,000","12,100,000","-8,534,000","-25,849,000","-6,486,000","-22,898,000","-9,300,000","-11,000,000","200,000","3,100,000","2,500,000","700,000","900,000","1,400,000","-6,700,000","1,000,000","7,100,000","4,700,000"
		RestructuringAndMergernAcquisition,"782,000,000","659,000,000","407,000,000","140,000,000","39,000,000","258,000,000","545,000,000","794,000,000","589,000,000","803,000,000","239,000,000","264,000,000","221,000,000","229,000,000","284,000,000","638,000,000",,,,,,"7,400,000",,"15,664,000",,,"15,030,000",,,,,,,,,,,,
		ImpairmentOfCapitalAssets,"1,325,000,000","1,078,000,000","2,447,000,000","584,000,000","6,546,000,000","1,778,000,000","5,518,000,000","20,882,000,000","1,646,000,000","361,000,000","387,000,000","524,000,000","1,071,000,000","201,000,000","124,000,000","6,000,000",,,,,,,,,,,,,,,,,,,,,,,
		WriteOff,,,,,,,"0","0","136,000,000","631,000,000","6,000,000","0",,,,,,,,,,,,,,,,,,,,,,,,,,,
		OtherSpecialCharges,"531,000,000","1,038,000,000","2,069,000,000","698,000,000","60,000,000","1,173,000,000","-1,403,000,000","417,000,000","879,000,000","606,000,000","-111,000,000","1,524,000,000","715,000,000","471,000,000","2,000,000","23,000,000",,,,,,"-100,000,000",,"-7,130,000",,,"7,868,000",,,,,,,,,,,,
		GainOnSaleOfBusiness,,"3,000,000","46,000,000","51,000,000","8,000,000","50,000,000","67,000,000","687,000,000","720,000,000","45,000,000",,,,,,,,,,,,,,,,,,,,,,,,,,,,,
		GainOnSaleOfPPE,,"25,000,000","18,000,000","7,000,000","11,000,000","-1,000,000","9,000,000","11,000,000","10,000,000","44,000,000",,,,,,,,,,,,,,,,,,,,,,,,,,,,,
	OtherNonOperatingIncomeExpenses,"-11,000,000","-14,000,000","-26,000,000","-19,000,000","-4,000,000","-4,000,000","78,000,000","-80,000,000","-65,000,000","40,000,000","-24,000,000","-36,000,000","33,000,000",,,,,,,,,,,,,,,,,,,,,,,,,,
PretaxIncome,"-142,000,000","-624,000,000","-3,163,000,000","658,000,000","-4,406,000,000","-1,265,000,000","-2,596,000,000","-18,379,000,000","824,000,000","2,352,000,000","3,638,000,000","1,250,000,000","1,819,000,000","2,956,000,000","3,646,000,000","2,203,000,000","827,000,000","2,353,000,000","706,000,000","1,309,000,000","604,000,000","872,400,000","499,400,000","341,862,000","207,985,000","162,168,000","99,718,000","140,200,000","94,300,000","92,500,000","91,800,000","85,000,000","51,200,000","37,000,000","30,500,000","25,100,000","19,100,000","22,000,000","12,900,000"
TaxProvision,"606,000,000","-7,000,000","-643,000,000","211,000,000","-168,000,000","-278,000,000","-195,000,000","-1,933,000,000","521,000,000","634,000,000","591,000,000","-43,000,000","-137,000,000","127,000,000","283,000,000","166,000,000","185,000,000","397,000,000","155,000,000","236,000,000","267,000,000","181,500,000","84,800,000","63,650,000","59,568,000","45,389,000","28,915,000","38,700,000","20,900,000","22,200,000","24,200,000","27,500,000","19,500,000","13,300,000","9,700,000","8,200,000","7,100,000","7,200,000","5,300,000"
EarningsFromEquityInterestNetOfTax,"-1,000,000","2,000,000","21,000,000","9,000,000","138,000,000","-13,000,000","-71,000,000","-3,000,000","8,000,000","-121,000,000","-5,000,000","-40,000,000","-46,000,000","-61,000,000","-24,000,000","-33,000,000",,,,,,,,,,,,,,,,,,,,,,,
NetIncomeCommonStockholders,"-453,000,000","-559,000,000","-2,446,000,000","417,000,000","-3,990,000,000","-999,000,000","-2,399,000,000","-16,525,000,000","68,000,000","1,573,000,000","3,055,000,000","1,269,000,000","1,963,000,000","2,759,000,000","3,331,000,000","2,000,000,000","635,000,000","1,952,000,000","546,000,000","1,072,000,000","332,000,000","691,000,000","410,300,000","278,212,000","148,417,000","116,779,000","70,803,000","101,500,000","73,400,000","70,300,000","67,600,000","57,500,000","31,700,000","23,700,000","20,800,000","16,900,000","12,000,000","14,800,000","7,600,000"
	NetIncome,"-453,000,000","-559,000,000","-2,446,000,000","417,000,000","-3,990,000,000","-999,000,000","-2,150,000,000","-16,265,000,000","329,000,000","1,588,000,000","3,055,000,000","1,269,000,000","1,963,000,000","2,759,000,000","3,331,000,000","2,000,000,000","635,000,000","1,952,000,000","546,000,000","1,072,000,000","332,000,000","691,000,000","410,300,000","278,212,000","148,417,000","116,779,000","70,803,000","101,500,000","73,400,000","70,300,000","67,600,000","57,500,000","31,700,000","23,700,000","20,800,000","16,900,000","12,000,000","14,800,000","7,600,000"
		NetIncomeIncludingNoncontrollingInterests,"-750,000,000","-615,000,000","-2,499,000,000","456,000,000","-4,099,000,000","-1,000,000,000","-2,472,000,000","-16,449,000,000","311,000,000","1,597,000,000","3,042,000,000","1,253,000,000","1,910,000,000","2,768,000,000","3,339,000,000","2,004,000,000","641,000,000","1,953,000,000","548,000,000","1,074,000,000","336,000,000","692,400,000","411,900,000","277,485,000","149,167,000","116,023,000","70,803,000","101,300,000","72,900,000","69,300,000","67,600,000","57,700,000","31,800,000","23,800,000","20,800,000","16,900,000","12,000,000","14,800,000","7,600,000"
			NetIncomeContinuousOperations,"-749,000,000","-615,000,000","-2,499,000,000","456,000,000","-4,100,000,000","-1,000,000,000","-2,472,000,000","-16,449,000,000","311,000,000","1,597,000,000","3,042,000,000","1,253,000,000","1,910,000,000","2,768,000,000","3,339,000,000","2,004,000,000","641,000,000","1,952,000,000","546,000,000","1,072,000,000","332,000,000","691,000,000","410,300,000","278,212,000","148,417,000","116,779,000","70,803,000","101,500,000","73,400,000","70,300,000","67,600,000","57,500,000","31,700,000","23,700,000","20,800,000","16,900,000","12,000,000","14,800,000","7,600,000"
		MinorityInterests,"297,000,000","56,000,000","53,000,000","-39,000,000","109,000,000","2,000,000","322,000,000","184,000,000","18,000,000","-9,000,000","13,000,000","16,000,000","53,000,000","-9,000,000","-8,000,000","-4,000,000","-6,000,000","-1,000,000","-2,000,000","-2,000,000","-4,000,000","-1,400,000","-1,600,000","727,000","-750,000","756,000",,"200,000","500,000","1,000,000",,"-200,000","-100,000","-100,000",,,,,
	PreferredStockDividends,,,,,,,"249,000,000","260,000,000","261,000,000","15,000,000",,,,,,,,,,,,,,,,,,,,,,,,,,,,,
DilutedNIAvailtoComStockholders,"-453,000,000","-559,000,000","-2,446,000,000","417,000,000","-3,990,000,000","-999,000,000","-2,399,000,000","-16,525,000,000","68,000,000","1,573,000,000","3,055,000,000","1,269,000,000","1,963,000,000","2,759,000,000","3,331,000,000","2,000,000,000","635,000,000","1,952,000,000","546,000,000","1,072,000,000","332,000,000","691,000,000","410,300,000","278,212,000","148,417,000","116,779,000","70,803,000","101,500,000","73,400,000","70,300,000","67,600,000","57,500,000","31,700,000","23,700,000","20,800,000","16,900,000","12,000,000","14,800,000","7,600,000"
BasicEPS,"-0.39","-0.5","-2.12","0.38","-3.64","-0.91","-2.35","-16.26","0.07","1.84","3.58","1.49","2.25","3.1","3.72","2.29","0.81","2.54","0.72","1.73","0.54","1.285","0.775","0.525","0.288","0.238","0.145","0.208","0.15","0.145","0.14","0.135","0.078","0.065","0.053","0.05","0.035","0.005","0.245"
DilutedEPS,"-0.39","-0.5","-2.12","0.38","-3.64","-0.91","-2.35","-16.26","0.07","1.82","3.56","1.49","2.25","3.09","3.67","2.23","0.78","2.38","0.69","1.59","0.5","1.195","0.76","0.51","0.285","0.238","0.145","0.208","0.15","0.145","0.14","0.135","0.078","0.058","0.053","0.05","0.035","0.005","0.223"
BasicAverageShares,"1,124,000,000","1,119,000,000","1,110,000,000","1,102,000,000","1,095,000,000","1,091,000,000","1,021,000,000","1,016,000,000","955,000,000","855,000,000","853,000,000","849,000,000","872,000,000","890,000,000","896,000,000","872,000,000","780,000,000","768,000,000","756,000,000","618,000,000","612,700,000","536,800,000","529,000,000","529,927,619","516,233,043","491,701,053","488,296,552","489,156,627","489,333,333","484,827,586","482,857,143","425,925,926","409,032,258","364,615,385","396,190,476","338,000,000","342,857,143","436,912,000","436,912,000"
DilutedAverageShares,"1,124,000,000","1,119,000,000","1,110,000,000","1,107,000,000","1,095,000,000","1,091,000,000","1,021,000,000","1,016,000,000","961,000,000","864,000,000","858,000,000","850,000,000","873,000,000","893,000,000","921,000,000","896,000,000","820,000,000","830,000,000","805,000,000","681,000,000","688,000,000","590,000,000","561,600,000","545,513,725","520,761,404","491,701,053","488,296,552","489,156,627","489,333,333","484,827,586","482,857,143","425,925,926","409,032,258","412,173,913","396,190,476","338,000,000","342,857,143","436,912,000","436,912,000"
TotalOperatingIncomeAsReported,"877,000,000","433,000,000","-2,197,000,000","1,716,000,000","-3,572,000,000","-443,000,000","-1,637,000,000","-17,484,000,000","2,154,000,000","3,352,000,000","3,951,000,000","1,649,000,000","2,205,000,000","3,109,000,000","3,871,000,000","2,405,000,000","1,145,000,000","2,395,000,000","801,000,000","1,313,000,000","578,000,000","877,400,000","524,000,000","360,792,000","244,528,000","181,346,000","116,541,000","173,797,000","129,300,000","104,200,000","103,500,000","88,000,000","54,700,000","52,100,000","40,300,000","44,200,000","22,500,000","19,300,000","11,900,000"
TotalExpenses,"12,791,000,000","12,651,000,000","12,235,000,000","12,779,000,000","13,601,000,000","14,167,000,000","15,402,000,000","17,861,000,000","17,300,000,000","14,659,000,000","15,782,000,000","16,353,000,000","16,138,000,000","14,302,000,000","11,840,000,000","10,833,000,000","9,816,000,000","7,013,000,000","6,312,000,000","3,938,000,000","3,624,000,000","2,391,600,000","1,994,600,000","1,700,914,000","1,374,644,000","1,014,936,000","912,194,000","943,100,000","824,500,000","707,100,000","624,800,000","414,000,000","341,600,000","275,000,000","288,700,000","236,900,000","188,600,000","120,300,000","79,300,000"
NetIncomeFromContinuingAndDiscontinuedOperation,"-453,000,000","-559,000,000","-2,446,000,000","417,000,000","-3,990,000,000","-999,000,000","-2,150,000,000","-16,265,000,000","329,000,000","1,588,000,000","3,055,000,000","1,269,000,000","1,963,000,000","2,759,000,000","3,331,000,000","2,000,000,000","635,000,000","1,952,000,000","546,000,000","1,072,000,000","332,000,000","691,000,000","410,300,000","278,212,000","148,417,000","116,779,000","70,803,000","101,500,000","73,400,000","70,300,000","67,600,000","57,500,000","31,700,000","23,700,000","20,800,000","16,900,000","12,000,000","14,800,000","7,600,000"
NormalizedIncome,"1,527,440,000","2,122,910,000","1,420,400,000","1,409,503,039.514","1,427,664,000","1,422,856,126.482","2,065,623,266.564","2,797,020,000","2,703,500,000","3,244,370,000","3,497,680,000","2,985,000,000","3,467,500,000","3,546,200,000","3,729,360,000","2,611,192,464.821","731,261,185.006","1,820,657,883.553","1,566,052,407.932","1,072,000,000","708,200,000","617,665,130.674","400,254,625.551","285,157,086.637","166,862,710.186","121,449,641.52","87,061,319.401","108,232,881.598","81,962,036.055","70,148,000","65,317,211.329","55,808,823.529","31,266,601.563","23,123,513.514","19,845,245.902","21,411,155.378","11,371,727.749","10,023,636.364","4,780,000"
InterestExpense,"992,000,000","1,029,000,000","930,000,000","891,000,000","901,000,000","822,000,000","920,000,000","875,000,000","546,000,000","270,000,000","300,000,000","314,000,000","355,000,000","234,000,000","202,000,000","202,000,000","318,000,000",,,,,,,,,,,,,,,,,,,,,,
NetInterestIncome,"-1,058,000,000","-1,095,000,000","-991,000,000","-962,000,000","-963,000,000","-877,000,000","-985,000,000","-872,000,000","-548,000,000","-412,000,000","-301,000,000","-423,000,000","-387,000,000","-234,000,000","-202,000,000","-202,000,000","-318,000,000",,,,,,,,,,,,,,,,,,,,,,
EBIT,"850,000,000","405,000,000","-2,233,000,000","1,549,000,000","-3,505,000,000","-443,000,000","-1,676,000,000","-17,504,000,000","1,370,000,000","2,622,000,000","3,938,000,000","1,564,000,000","2,174,000,000","3,190,000,000","3,848,000,000","2,405,000,000","1,145,000,000","2,395,000,000","2,096,000,000","1,312,000,000","1,175,000,000","884,800,000","524,000,000","376,456,000","375,210,000","267,470,000","203,734,000","173,797,000","129,300,000","104,200,000","103,500,000","88,000,000","54,700,000","52,100,000","40,300,000","44,200,000","22,500,000","19,300,000","11,900,000"
EBITDA,"1,930,000,000","1,558,000,000","-925,000,000","2,879,000,000","-1,948,000,000","1,279,000,000","166,000,000","-15,392,000,000","2,894,000,000","3,930,000,000","5,446,000,000","3,206,000,000","3,882,000,000","4,259,000,000","4,825,000,000","3,313,000,000","1,638,000,000","2,916,000,000","2,527,000,000","1,555,000,000","1,393,000,000","1,012,500,000","620,900,000","485,585,000","470,195,000","335,894,000","262,475,000","225,797,000","173,000,000","137,200,000","134,300,000","107,600,000","72,800,000","65,900,000","52,900,000","44,300,000","30,300,000","24,400,000","15,400,000"
ReconciledCostOfRevenue,"8,227,000,000","8,200,000,000","7,952,000,000","8,284,000,000","8,933,000,000","9,351,000,000","9,975,000,000","11,237,000,000","10,250,000,000","8,296,000,000","9,216,000,000","9,607,000,000","9,665,000,000","8,797,000,000","7,056,000,000","6,532,000,000","5,117,000,000","4,531,000,000","4,149,000,000","2,770,000,000","2,560,000,000","1,757,500,000","1,423,200,000","1,230,077,000","962,990,000","699,203,000","636,059,000","628,900,000","550,400,000","481,500,000","416,200,000","268,500,000","223,800,000","194,100,000","191,300,000","180,700,000","129,500,000","84,900,000","58,800,000"
ReconciledDepreciation,"1,080,000,000","1,153,000,000","1,308,000,000","1,330,000,000","1,557,000,000","1,722,000,000","1,842,000,000","2,112,000,000","1,524,000,000","1,308,000,000","1,508,000,000","1,642,000,000","1,708,000,000","1,069,000,000","977,000,000","908,000,000","493,000,000","521,000,000","431,000,000","243,000,000","218,000,000","127,700,000","96,900,000","109,129,000","94,985,000","68,424,000","58,741,000","52,000,000","43,700,000","33,000,000","30,800,000","19,600,000","18,100,000","13,800,000","12,600,000","100,000","7,800,000","5,100,000","3,500,000"
NetIncomeFromContinuingOperationNetMinorityInterest,"-453,000,000","-559,000,000","-2,446,000,000","417,000,000","-3,990,000,000","-999,000,000","-2,150,000,000","-16,265,000,000","329,000,000","1,588,000,000","3,055,000,000","1,269,000,000","1,963,000,000","2,759,000,000","3,331,000,000","2,000,000,000","635,000,000","1,952,000,000","546,000,000","1,072,000,000","332,000,000","691,000,000","410,300,000","278,212,000","148,417,000","116,779,000","70,803,000","101,500,000","73,400,000","70,300,000","67,600,000","57,500,000","31,700,000","23,700,000","20,800,000","16,900,000","12,000,000","14,800,000","7,600,000"
TotalUnusualItemsExcludingGoodwill,"-2,572,000,000","-2,709,000,000","-4,833,000,000","-1,461,000,000","-6,496,000,000","-3,104,000,000","-4,558,000,000","-21,418,000,000","-3,166,000,000","-2,269,000,000","-527,000,000","-2,288,000,000","-2,006,000,000","-820,000,000","-433,000,000","-661,000,000","-124,000,000","158,000,000","-1,307,000,000",,"-627,000,000","92,600,000","12,100,000","-8,534,000","-25,849,000","-6,486,000","-22,898,000","-9,300,000","-11,000,000","200,000","3,100,000","2,500,000","700,000","900,000","1,400,000","-6,700,000","1,000,000","7,100,000","4,700,000"
TotalUnusualItems,"-2,572,000,000","-2,709,000,000","-4,833,000,000","-1,461,000,000","-6,496,000,000","-3,104,000,000","-4,558,000,000","-21,418,000,000","-3,166,000,000","-2,269,000,000","-527,000,000","-2,288,000,000","-2,006,000,000","-820,000,000","-433,000,000","-661,000,000","-124,000,000","158,000,000","-1,307,000,000",,"-627,000,000","92,600,000","12,100,000","-8,534,000","-25,849,000","-6,486,000","-22,898,000","-9,300,000","-11,000,000","200,000","3,100,000","2,500,000","700,000","900,000","1,400,000","-6,700,000","1,000,000","7,100,000","4,700,000"
NormalizedEBITDA,"4,502,000,000","4,267,000,000","3,908,000,000","4,340,000,000","4,548,000,000","4,383,000,000","4,724,000,000","6,026,000,000","6,060,000,000","6,199,000,000","5,973,000,000","5,494,000,000","5,888,000,000","5,079,000,000","5,258,000,000","3,974,000,000","1,762,000,000","2,758,000,000","3,834,000,000","1,555,000,000","2,020,000,000","919,900,000","608,800,000","494,119,000","496,044,000","342,380,000","285,373,000","235,097,000","184,000,000","137,000,000","131,200,000","105,100,000","72,100,000","65,000,000","51,500,000","51,000,000","29,300,000","17,300,000","10,700,000"
TaxRateForCalcs,"0.23","0.01","0.2","0.321","0.166","0.22","0.075","0.11","0.25","0.27","0.16","0.25","0.25","0.04","0.08","0.075","0.224","0.169","0.22","0.18","0.4","0.208","0.17","0.186","0.286","0.28","0.29","0.276","0.222","0.24","0.264","0.324","0.381","0.359","0.318","0.327","0.372","0.327","0.4"
TaxEffectOfUnusualItems,"-591,560,000","-27,090,000","-966,600,000","-468,496,960.486","-1,078,336,000","-682,143,873.518","-342,376,733.436","-2,355,980,000","-791,500,000","-612,630,000","-84,320,000","-572,000,000","-501,500,000","-32,800,000","-34,640,000","-49,807,535.179","-27,738,814.994","26,657,883.553","-286,947,592.068","0","-250,800,000","19,265,130.674","2,054,625.551","-1,588,913.363","-7,403,289.814","-1,815,358.48","-6,639,680.599","-2,567,118.402","-2,437,963.945","48,000","817,211.329","808,823.529","266,601.563","323,513.514","445,245.902","-2,188,844.622","371,727.749","2,323,636.364","1,880,000"