name,ttm,01/31/2024,01/31/2023,01/31/2022,01/31/2021,01/31/2020,01/31/2019,01/31/2018,01/31/2017,01/31/2016,01/31/2015,01/31/2014,01/31/2013,01/31/2012,01/31/2011
TotalRevenue,"2,573,649,000","2,363,673,000","2,155,060,000","1,850,777,000","1,465,069,000","1,104,081,000","862,210,000","690,559,000","550,542,000","409,221,000","313,222,000","210,151,000","129,548,000","61,262,000","29,129,000"
	OperatingRevenue,"2,573,649,000","2,363,673,000","2,155,060,000","1,850,777,000","1,465,069,000","1,104,081,000","862,210,000","690,559,000","550,542,000","409,221,000","313,222,000","210,151,000","129,548,000","61,262,000","29,129,000"
CostOfRevenue,"685,866,000","677,291,000","609,405,000","503,678,000","408,928,000","303,369,000","245,281,000","211,422,000","173,681,000","142,214,000","115,658,000","82,602,000","57,016,000","29,056,000","12,317,000"
GrossProfit,"1,887,783,000","1,686,382,000","1,545,655,000","1,347,099,000","1,056,141,000","800,712,000","616,929,000","479,137,000","376,861,000","267,007,000","197,564,000","127,549,000","72,532,000","32,206,000","16,812,000"
OperatingExpense,"1,302,369,000","1,257,048,000","1,086,564,000","841,603,000","678,347,000","514,493,000","394,063,000","321,208,000","256,173,000","188,418,000","127,598,000","88,245,000","42,499,000","25,568,000","11,721,000"
	SellingGeneralAndAdministration,"638,386,000","628,017,000","566,286,000","459,568,000","384,127,000","304,598,000","235,280,000","189,191,000","159,430,000","122,442,000","86,442,000","61,918,000","27,861,000","17,818,000","8,084,000"
		GeneralAndAdministrativeExpense,"243,583,000","246,545,000","217,595,000","171,507,000","149,113,000","114,267,000","86,413,000","60,410,000","48,796,000","41,458,000","30,239,000","20,411,000","8,371,000","5,539,000","2,513,000"
			OtherGandA,"243,583,000","246,545,000","217,595,000","171,507,000","149,113,000","114,267,000","86,413,000","60,410,000","48,796,000","41,458,000","30,239,000","20,411,000","8,371,000","5,539,000","2,513,000"
		SellingAndMarketingExpense,"394,803,000","381,472,000","348,691,000","288,061,000","235,014,000","190,331,000","148,867,000","128,781,000","110,634,000","80,984,000","56,203,000","41,507,000","19,490,000","12,279,000","5,571,000"
	ResearchAndDevelopment,"663,983,000","629,031,000","520,278,000","382,035,000","294,220,000","209,895,000","158,783,000","132,017,000","96,743,000","65,976,000","41,156,000","26,327,000","14,638,000","7,750,000","3,637,000"
OperatingIncome,"585,414,000","429,334,000","459,091,000","505,496,000","377,794,000","286,219,000","222,866,000","157,929,000","120,688,000","78,589,000","69,966,000","39,304,000","30,033,000","6,638,000","5,091,000"
NetNonOperatingInterestIncomeExpense,,"133,748,000","45,860,000","14,730,000","15,859,000","25,185,000","15,388,000","8,383,000","4,477,000","4,617,000","3,537,000","502,000","148,000",,
	InterestIncomeNonOperating,,"133,748,000","45,860,000","14,730,000","15,859,000","25,185,000","15,388,000","8,383,000","4,477,000","4,617,000","3,537,000","502,000","148,000",,
OtherIncomeExpense,"66,169,000","24,941,000","4,145,000","-7,915,000","340,000","2,293,000","389,000","-541,000","-2,810,000","-4,589,000","-6,317,000","-1,306,000","-1,088,000","15,000","173,000"
	GainOnSaleOfSecurity,,"124,000","591,000","-714,000","2,275,000","-708,000","-2,103,000","1,177,000","-1,009,000","-1,785,000","-3,893,000","-940,000","-987,000",,
	SecuritiesAmortization,,"-24,817,000","-2,982,000","7,201,000","3,082,000","-3,001,000","-2,492,000","1,718,000","1,801,000","2,804,000","2,424,000","366,000","101,000",,
	OtherNonOperatingIncomeExpenses,,,"572,000",,"1,147,000",,,,,,,"-804,000","-940,000","15,000","173,000"
PretaxIncome,"785,331,000","588,023,000","509,096,000","512,311,000","393,993,000","313,697,000","238,643,000","165,771,000","122,355,000","78,617,000","67,186,000","38,500,000","29,093,000","6,653,000","5,264,000"
TaxProvision,"170,070,000","62,318,000","21,390,000","84,921,000","13,995,000","12,579,000","8,811,000","14,594,000","44,783,000","24,157,000","26,803,000","14,885,000","10,310,000","2,423,000","1,355,000"
NetIncomeCommonStockholders,"615,261,000","525,705,000","487,706,000","427,390,000","379,998,000","301,118,000","229,832,000","151,177,000","77,569,000","54,413,000","40,138,000","10,405,000","3,480,000","599,000","428,000"
	NetIncome,"615,261,000","525,705,000","487,706,000","427,390,000","379,998,000","301,118,000","229,832,000","151,177,000","77,572,000","54,460,000","40,383,000","23,615,000","18,783,000","4,230,000","3,909,000"
		NetIncomeIncludingNoncontrollingInterests,"615,261,000","525,705,000","487,706,000","427,390,000","379,998,000","301,118,000","229,832,000","151,177,000","77,572,000","54,460,000","40,383,000","23,615,000","18,783,000","4,230,000","3,909,000"
			NetIncomeContinuousOperations,"615,261,000","525,705,000","487,706,000","427,390,000","379,998,000","301,118,000","229,832,000","151,177,000","77,572,000","54,460,000","40,383,000","23,615,000","18,783,000","4,230,000","3,909,000"
	OtherunderPreferredStockDividend,,,,,,,"0","0","3,000","47,000","245,000","13,210,000","15,303,000","3,631,000","3,481,000"
DilutedNIAvailtoComStockholders,"615,261,000","525,705,000","487,706,000","427,390,000","379,998,000","301,118,000","229,832,000","151,177,000","77,569,000","54,413,000","40,138,000","10,405,000","3,480,000","599,000","428,000"
BasicEPS,"3.81","3.27","3.14","2.79","2.52","2.03","1.59","1.01","0.51","0.41","0.31","0.24","0.032","0.006","0.004"
DilutedEPS,"3.75","3.22","3","2.63","2.36","1.9","1.47","0.92","0.47","0.38","0.28","0.18","0.029","0.005","0.004"
BasicAverageShares,"161,250,500","160,532,000","155,385,000","153,251,000","150,666,000","147,796,000","144,244,000","140,311,000","135,698,000","132,020,000","127,713,000","51,725,000","108,440,000","108,440,000","105,887,000"
DilutedAverageShares,"164,240,000","163,486,000","162,437,000","162,277,000","160,732,000","158,296,000","156,117,000","153,681,000","147,578,000","144,977,000","144,204,000","129,270,000","120,833,000","120,833,000","115,599,000"
TotalOperatingIncomeAsReported,"585,414,000","429,334,000","459,091,000","505,496,000","377,794,000","286,219,000","222,866,000","157,929,000","120,688,000","78,589,000","69,966,000","39,304,000","30,033,000","6,638,000","5,091,000"
TotalExpenses,"1,988,235,000","1,934,339,000","1,695,969,000","1,345,281,000","1,087,275,000","817,862,000","639,344,000","532,630,000","429,854,000","330,632,000","243,256,000","170,847,000","99,515,000","54,624,000","24,038,000"
NetIncomeFromContinuingAndDiscontinuedOperation,"615,261,000","525,705,000","487,706,000","427,390,000","379,998,000","301,118,000","229,832,000","151,177,000","77,572,000","54,460,000","40,383,000","23,615,000","18,783,000","4,230,000","3,909,000"
NormalizedIncome,"615,163,853.238","525,594,144","487,139,822","427,985,646.902","377,803,810.129","301,797,609.764","231,857,354.592","150,103,619.68","78,211,706","55,697,005","42,722,693","24,191,220","19,420,602","4,230,000","3,909,000"
InterestIncome,,"133,748,000","45,860,000","14,730,000","15,859,000","25,185,000","15,388,000","8,383,000","4,477,000","4,617,000","3,537,000","502,000","148,000",,
NetInterestIncome,,"133,748,000","45,860,000","14,730,000","15,859,000","25,185,000","15,388,000","8,383,000","4,477,000","4,617,000","3,537,000","502,000","148,000",,
EBIT,"585,414,000","429,334,000","459,091,000","505,496,000","377,794,000","286,219,000","222,866,000","157,929,000","120,688,000","78,589,000","69,966,000","39,304,000","30,033,000","6,638,000","5,091,000"
EBITDA,"621,925,000","461,962,000","488,213,000","532,944,000","407,249,000","306,078,000","236,937,000","172,206,000","134,513,000","87,053,000","73,895,000","41,714,000","30,822,000","7,045,000","5,310,000"
ReconciledCostOfRevenue,"685,866,000","677,291,000","609,405,000","503,678,000","408,928,000","303,369,000","245,281,000","211,422,000","173,681,000","142,214,000","115,658,000","82,602,000","57,016,000","29,056,000","12,317,000"
ReconciledDepreciation,"36,511,000","32,628,000","29,122,000","27,448,000","29,455,000","19,859,000","14,071,000","14,277,000","13,825,000","8,464,000","3,929,000","2,410,000","789,000","407,000","219,000"
NetIncomeFromContinuingOperationNetMinorityInterest,"615,261,000","525,705,000","487,706,000","427,390,000","379,998,000","301,118,000","229,832,000","151,177,000","77,572,000","54,460,000","40,383,000","23,615,000","18,783,000","4,230,000","3,909,000"
TotalUnusualItemsExcludingGoodwill,"124,000","124,000","591,000","-714,000","2,275,000","-708,000","-2,103,000","1,177,000","-1,009,000","-1,785,000","-3,893,000","-940,000","-987,000",,
TotalUnusualItems,"124,000","124,000","591,000","-714,000","2,275,000","-708,000","-2,103,000","1,177,000","-1,009,000","-1,785,000","-3,893,000","-940,000","-987,000",,
NormalizedEBITDA,"621,801,000","461,838,000","487,622,000","533,658,000","404,974,000","306,786,000","239,040,000","171,029,000","135,522,000","88,838,000","77,788,000","42,654,000","31,809,000","7,045,000","5,310,000"
TaxRateForCalcs,"0.217","0.106","0.042","0.166","0.036","0.04","0.037","0.088","0.366","0.307","0.399","0.387","0.354","0.36","0.26"
TaxEffectOfUnusualItems,"26,853.238","13,144","24,822","-118,353.098","80,810.129","-28,390.236","-77,645.408","103,619.68","-369,294","-547,995","-1,553,307","-363,780","-349,398","0","0"