name,ttm,05/31/2024,05/31/2023,05/31/2022,05/31/2021,05/31/2020,05/31/2019,05/31/2018,05/31/2017,05/31/2016,05/31/2015,05/31/2014,05/31/2013,05/31/2012,05/31/2011,05/31/2010,05/31/2009,05/31/2008,05/31/2007,05/31/2006,05/31/2005,05/31/2004,05/31/2003,05/31/2002,05/31/2001,05/31/2000,05/31/1999,05/31/1998,05/31/1997
TotalRevenue,"66,218,000","66,218,000","64,961,000","50,829,000","16,600,000","22,291,000","21,056,000","29,555,000","18,898,000","14,501,000","10,018,000","19,684,000","16,488,000","15,521,000","13,737,000","11,674,000","21,407,000","39,041,000","27,351,000","23,801,000","16,080,000","15,800,000","15,092,000","12,568,000","31,039,000","24,505,000","18,146,000","40,805,000","42,020,000"
	OperatingRevenue,"66,218,000","66,218,000","64,961,000","50,829,000","16,600,000","22,291,000","21,056,000","29,555,000","18,898,000","14,501,000","10,018,000","19,684,000","16,488,000","15,521,000","13,737,000","11,674,000","21,407,000","39,041,000","27,351,000","23,801,000","16,080,000","15,800,000","15,092,000","12,568,000","31,039,000","24,505,000","18,146,000","40,805,000","42,020,000"
CostOfRevenue,"33,675,000","33,675,000","32,215,000","27,164,000","10,568,000","13,920,000","13,454,000","17,169,000","12,118,000","9,356,000","6,180,000","9,462,000","9,712,000","9,314,000","8,225,000","5,571,000","20,223,000","19,072,000","13,438,000","13,165,000","11,817,000","10,092,000","9,354,000","6,488,000","17,923,000","17,267,000","12,201,000","24,359,000","25,715,000"
GrossProfit,"32,543,000","32,543,000","32,746,000","23,665,000","6,032,000","8,371,000","7,602,000","12,386,000","6,780,000","5,145,000","3,838,000","10,222,000","6,776,000","6,207,000","5,512,000","6,103,000","1,184,000","19,969,000","13,913,000","10,636,000","4,263,000","5,708,000","5,738,000","6,080,000","13,116,000","7,238,000","5,945,000","16,446,000","16,305,000"
OperatingExpense,"22,465,000","22,465,000","19,371,000","15,865,000","10,214,000","10,916,000","11,877,000","11,471,000","11,709,000","11,299,000","10,532,000","9,725,000","10,083,000","10,714,000","9,699,000","6,859,000","26,385,000","14,158,000","12,862,000","10,181,000","9,238,000","10,217,000","10,462,000","10,583,000","11,644,000","12,431,000","10,577,000","12,247,000","12,621,000"
	SellingGeneralAndAdministration,"13,746,000","13,746,000","12,237,000","10,047,000","6,562,000","7,530,000","7,724,000","7,290,000","7,052,000","6,975,000","6,470,000","6,323,000","6,872,000","6,526,000","5,964,000","6,094,000","20,623,000","7,657,000","6,538,000","5,842,000","5,215,000","5,572,000","5,919,000","6,547,000","7,262,000","7,930,000","6,892,000","8,618,000","8,878,000"
	ResearchAndDevelopment,"8,719,000","8,719,000","7,134,000","5,818,000","3,652,000","3,386,000","4,153,000","4,181,000","4,657,000","4,324,000","4,062,000","3,402,000","3,211,000","4,188,000","4,567,000","4,758,000","5,762,000","6,501,000","6,324,000","4,339,000","4,023,000","4,645,000","4,543,000","4,036,000","4,382,000","4,501,000","3,685,000","3,629,000","3,743,000"
	DepreciationAmortizationDepletionIncomeStatement,,,,,,,,,,,,,,,,,,,,,,,,,,,,,"600,000"
		DepreciationAndAmortizationInIncomeStatement,,,,,,,,,,,,,,,,,,,,,,,,,,,,,"600,000"
	OtherOperatingExpenses,,,,,,,,,,,,,,,"-832,000","-3,993,000",,,,,,,,,,,,,
OperatingIncome,"10,078,000","10,078,000","13,375,000","7,800,000","-4,182,000","-2,545,000","-4,275,000","915,000","-4,929,000","-6,154,000","-6,694,000","497,000","-3,307,000","-4,507,000","-4,187,000","-756,000","-25,201,000","5,811,000","1,051,000","455,000","-4,975,000","-4,509,000","-4,724,000","-4,503,000","1,472,000","-5,193,000","-4,632,000","4,199,000","3,684,000"
NetNonOperatingInterestIncomeExpense,"2,388,000","2,388,000","1,245,000","13,000","-46,000","10,000","-252,000","-399,000","-678,000","-605,000","-130,000","-26,000","-49,000","-4,000","3,000","5,000","142,000",,,,,,,,,,,,
	InterestIncomeNonOperating,"2,388,000","2,388,000","1,245,000","13,000",,,,,,,,,,"0","3,000","5,000","142,000",,,,,,,,,,,,
	InterestExpenseNonOperating,,,,,,,"252,000","399,000","678,000","605,000","130,000","26,000","49,000","4,000",,,,,,,,,,,,,,,
	TotalOtherFinanceCost,,,"-1,245,000","-13,000","46,000","-10,000","252,000","399,000",,,,,,,,,,,,,,,,,,,,,
OtherIncomeExpense,"-8,000","-8,000","-3,000","1,728,000","2,024,000","-231,000","-681,000","-61,000","-21,000","-16,000","211,000","-64,000","-33,000","1,107,000","762,000","131,000","3,000","-71,000","961,000","79,000","86,000","293,000","-146,000","-43,000","98,000","498,000","441,000","-364,000","-565,000"
	GainOnSaleOfSecurity,,,"-3,000","32,000","-111,000","-12,000","43,000","-63,000","-21,000",,,"-47,000","-36,000","1,107,000","710,000",,,,,,,,,,,,,,
	SpecialIncomeCharges,"0","0","0","1,698,000","2,186,000","-220,000","-725,000","0",,,,,,"1,107,000","762,000","131,000","3,000","-71,000","961,000","79,000","86,000","293,000","-146,000","-43,000","98,000","498,000","441,000","-364,000","-565,000"
		RestructuringAndMergernAcquisition,,,,"0","0","220,000","725,000","0",,,,,,,,,,,,,,,,,,,,,
		ImpairmentOfCapitalAssets,,,,,,,,,,,,,,,"0","0","274,000",,,,,,,,,,,,
		OtherSpecialCharges,,,,"-1,698,000",,,,,,,,,,,"-762,000","-131,000","-277,000",,,,,,,,,,,,
		GainOnSaleOfBusiness,,,"0","0","2,186,000","0","0",,,,,,,,,,,,,,,,,,,,,,
		GainOnSaleOfPPE,,,,,"2,186,000","0","0",,,,,,,,,,,,,,,,,,,,,,
	OtherNonOperatingIncomeExpenses,"-8,000","-8,000","-3,000","30,000","-51,000","1,000","1,000","2,000","-21,000","-16,000","211,000","-64,000","-33,000",,"52,000",,,,,,,,,,,,,,
PretaxIncome,"12,458,000","12,458,000","14,617,000","9,541,000","-2,204,000","-2,766,000","-5,208,000","455,000","-5,628,000","-6,775,000","-6,613,000","407,000","-3,389,000","-3,404,000","-3,422,000","-620,000","-25,056,000","5,971,000","2,503,000","789,000","-4,734,000","-3,883,000","-4,618,000","-4,026,000","2,534,000","-3,721,000","-3,007,000","4,739,000","2,542,000"
TaxProvision,"-20,698,000","-20,698,000","60,000","91,000","-177,000","36,000","27,000","-73,000","25,000","10,000","34,000","-15,000","30,000","-15,000","-49,000","-139,000","4,915,000","-4,602,000","75,000","-21,000","136,000","76,000","-74,000","1,241,000","1,046,000","-1,116,000","-677,000","2,334,000","-773,000"
NetIncomeCommonStockholders,"33,156,000","33,156,000","14,557,000","9,450,000","-2,027,000","-2,802,000","-5,235,000","528,000","-5,653,000","-6,785,000","-6,647,000","422,000","-3,419,000","-3,390,000","-3,389,000","-481,000","-29,971,000","10,573,000","2,428,000","810,000","-4,870,000","-3,959,000","-4,544,000","-5,267,000","-141,000","-2,605,000","-2,330,000","2,405,000","3,315,000"
	NetIncome,"33,156,000","33,156,000","14,557,000","9,450,000","-2,027,000","-2,802,000","-5,235,000","528,000","-5,653,000","-6,785,000","-6,647,000","422,000","-3,419,000","-3,390,000","-3,389,000","-481,000","-29,971,000","10,573,000","2,428,000","810,000","-4,870,000","-3,959,000","-4,544,000","-5,267,000","-141,000","-2,605,000","-2,330,000","2,405,000","3,315,000"
		NetIncomeIncludingNoncontrollingInterests,"33,156,000","33,156,000","14,557,000","9,450,000","-2,027,000","-2,802,000","-5,235,000","528,000","-5,653,000","-6,785,000","-6,647,000","422,000","-3,419,000","-3,389,000","-3,373,000","-481,000","-29,971,000","10,573,000","2,428,000","810,000","-4,870,000","-3,959,000","-4,544,000","-5,267,000","-141,000","-2,605,000","-2,330,000","2,405,000","3,315,000"
			NetIncomeContinuousOperations,"33,156,000","33,156,000","14,557,000","9,450,000","-2,027,000","-2,802,000","-5,235,000","528,000","-5,653,000","-6,785,000","-6,647,000","422,000","-3,419,000","-3,389,000","-3,373,000","-481,000","-29,971,000","10,573,000","2,428,000","810,000","-4,870,000","-3,959,000","-4,544,000","-5,267,000","1,488,000","-2,605,000","-2,330,000","2,405,000","3,315,000"
			NetIncomeExtraordinary,,,,,,,,,,,,,,,,,,,,,,,,,"-1,629,000",,,,
		MinorityInterests,,,,,"0","0","0",,,,,,,"-1,000","-16,000",,,,,,,,,,,,,,
DilutedNIAvailtoComStockholders,"33,156,000","33,156,000","14,557,000","9,450,000","-2,027,000","-2,802,000","-5,235,000","528,000","-5,653,000","-6,785,000","-6,647,000","422,000","-3,419,000","-3,390,000","-3,389,000","-481,000","-29,971,000","10,573,000","2,428,000","810,000","-4,870,000","-3,959,000","-4,544,000","-5,267,000","-141,000","-2,605,000","-2,330,000","2,405,000","3,315,000"
BasicEPS,"1.15",,"0.52","0.36","-0.09","-0.12","-0.23","0.02","-0.35","-0.52","-0.55","0.04","-0.36","-0.38","-0.39","-0.06","-3.55","1.32","0.31","0.11","-0.66","-0.55","-0.63","-0.74","-0.02","-0.38","-0.34","0.38","0.77"
DilutedEPS,"1.12",,"0.5","0.34","-0.09","-0.12","-0.23","0.02","-0.35","-0.52","-0.55","0.04","-0.36","-0.38","-0.39","-0.06","-3.55","1.24","0.3","0.11","-0.66","-0.55","-0.63","-0.74","-0.02","-0.38","-0.34","0.36","0.74"
BasicAverageShares,"28,818,000",,"27,785,000","26,014,000","23,457,000","22,882,000","22,387,000","21,732,000","16,267,000","13,091,000","12,047,000","10,877,000","9,549,000","9,016,000","8,776,000","8,563,000","8,436,000","8,013,000","7,751,000","7,515,000","7,420,000","7,248,000","7,161,000","7,151,000","7,074,000","6,813,000","6,854,000","6,327,000","4,297,000"
DilutedAverageShares,"29,617,000",,"29,215,000","27,774,000","23,457,000","22,882,000","22,387,000","22,782,000","16,267,000","13,091,000","12,047,000","11,889,000","9,549,000","9,016,000","8,776,000","8,563,000","8,436,000","8,508,000","8,225,000","7,605,000","7,420,000","7,248,000","7,161,000","7,151,000","7,179,000","6,813,000","6,854,000","6,761,000","4,500,000"
TotalOperatingIncomeAsReported,"10,078,000","10,078,000","13,375,000","7,800,000","-4,182,000","-2,765,000","-5,000,000","915,000","-4,929,000","-6,154,000","-6,694,000","497,000","-3,307,000","-4,507,000","-4,187,000","-756,000","-25,475,000","5,811,000","1,051,000","455,000","-4,975,000","-4,509,000","-4,724,000","-4,503,000","1,472,000","-5,193,000","-4,632,000","4,199,000","3,684,000"
TotalExpenses,"56,140,000","56,140,000","51,586,000","43,029,000","20,782,000","24,836,000","25,331,000","28,640,000","23,827,000","20,655,000","16,712,000","19,187,000","19,795,000","20,028,000","17,924,000","12,430,000","46,608,000","33,230,000","26,300,000","23,346,000","21,055,000","20,309,000","19,816,000","17,071,000","29,567,000","29,698,000","22,778,000","36,606,000","38,336,000"
NetIncomeFromContinuingAndDiscontinuedOperation,"33,156,000","33,156,000","14,557,000","9,450,000","-2,027,000","-2,802,000","-5,235,000","528,000","-5,653,000","-6,785,000","-6,647,000","422,000","-3,419,000","-3,390,000","-3,389,000","-481,000","-29,971,000","10,573,000","2,428,000","810,000","-4,870,000","-3,959,000","-4,544,000","-5,267,000","1,488,000","-2,605,000","-2,330,000","2,405,000","3,315,000"
NormalizedIncome,"33,156,000","33,156,000","14,557,000","7,770,678","-3,936,000","-2,632,640","-4,737,140","573,990","-5,632,084","-6,785,000","-6,647,000","422,000","-3,419,000","-4,492,121.915","-4,088,833.431","-582,630.645","-29,972,950","10,619,150","1,495,795.445","762,600","-4,921,600","-4,134,800","-4,400,339.541","-5,241,200","1,429,200","-2,953,640.15","-2,671,712.67","2,623,400","3,654,000"
InterestIncome,"2,388,000","2,388,000","1,245,000","13,000",,,,,,,,,,"0","3,000","5,000","142,000",,,,,,,,,,,,
InterestExpense,,,,,,,"252,000","399,000","678,000","605,000","130,000","26,000","49,000","4,000",,,,,,,,,,,,,,,
NetInterestIncome,"2,388,000","2,388,000","1,245,000","13,000","-46,000","10,000","-252,000","-399,000","-678,000","-605,000","-130,000","-26,000","-49,000","-4,000","3,000","5,000","142,000",,,,,,,,,,,,
EBIT,"10,078,000","10,078,000","13,375,000","7,800,000","-4,182,000","-2,545,000","-4,275,000","915,000","-4,950,000","-6,170,000","-6,483,000","433,000","-3,340,000","-3,400,000","-4,187,000","-756,000","-25,201,000","5,811,000","1,051,000","455,000","-4,975,000","-4,509,000","-4,724,000","-4,503,000","1,472,000","-5,193,000","-4,632,000","4,199,000","3,684,000"
EBITDA,"11,441,000","11,441,000","14,474,000","8,845,000","-3,854,000","-2,161,000","-3,844,000","1,332,000","-4,679,000","-5,967,000","-6,348,000","574,000","-3,018,000","-2,909,000","-3,614,000","-66,000","-24,557,000","6,285,000","1,374,000","795,000","-4,652,000","-4,125,000","-4,142,000","-3,841,000","2,123,000","-4,490,000","-4,179,000","4,678,000","4,317,000"
ReconciledCostOfRevenue,"33,675,000","33,675,000","32,215,000","27,164,000","10,568,000","13,920,000","13,454,000","17,169,000","12,118,000","9,356,000","6,180,000","9,462,000","9,712,000","9,314,000","8,225,000","5,571,000","20,223,000","19,072,000","13,438,000","13,165,000","11,817,000","10,092,000","9,354,000","6,488,000","17,923,000","17,267,000","12,201,000","24,359,000","25,715,000"
ReconciledDepreciation,"1,363,000","1,363,000","1,099,000","1,045,000","328,000","384,000","431,000","417,000","271,000","203,000","135,000","141,000","322,000","491,000","573,000","690,000","644,000","474,000","323,000","340,000","323,000","384,000","582,000","662,000","651,000","703,000","453,000","479,000","633,000"
NetIncomeFromContinuingOperationNetMinorityInterest,"33,156,000","33,156,000","14,557,000","9,450,000","-2,027,000","-2,802,000","-5,235,000","528,000","-5,653,000","-6,785,000","-6,647,000","422,000","-3,419,000","-3,390,000","-3,389,000","-481,000","-29,971,000","10,573,000","2,428,000","810,000","-4,870,000","-3,959,000","-4,544,000","-5,267,000","1,488,000","-2,605,000","-2,330,000","2,405,000","3,315,000"
TotalUnusualItemsExcludingGoodwill,"0","0","0","1,698,000","2,075,000","-232,000","-682,000","-63,000","-21,000",,,"-47,000","-36,000","1,107,000","710,000","131,000","3,000","-71,000","961,000","79,000","86,000","293,000","-146,000","-43,000","98,000","498,000","441,000","-364,000","-565,000"
TotalUnusualItems,"0","0","0","1,698,000","2,075,000","-232,000","-682,000","-63,000","-21,000",,,"-47,000","-36,000","1,107,000","710,000","131,000","3,000","-71,000","961,000","79,000","86,000","293,000","-146,000","-43,000","98,000","498,000","441,000","-364,000","-565,000"
NormalizedEBITDA,"11,441,000","11,441,000","14,474,000","7,147,000","-5,929,000","-1,929,000","-3,162,000","1,395,000","-4,658,000","-5,967,000","-6,348,000","574,000","-3,018,000","-4,016,000","-4,324,000","-197,000","-24,560,000","6,356,000","413,000","716,000","-4,738,000","-4,418,000","-3,996,000","-3,798,000","2,025,000","-4,988,000","-4,620,000","5,042,000","4,882,000"
TaxRateForCalcs,"0.21","0.21","0.004","0.011","0.08","0.27","0.27","0.27","0.004","0.4","0.4","0.35","0.35","0.004","0.014","0.224","0.35","0.35","0.03","0.4","0.4","0.4","0.016","0.4","0.4","0.3","0.225","0.4","0.4"
TaxEffectOfUnusualItems,"0","0","0","18,678","166,000","-62,640","-184,140","-17,010","-84","0","0","0","0","4,878.085","10,166.569","29,369.355","1,050","-24,850","28,795.445","31,600","34,400","117,200","-2,339.541","-17,200","39,200","149,359.85","99,287.33","-145,600","-226,000"