name,ttm,10/31/2023,10/31/2022,10/31/2021,10/31/2020,10/31/2019,10/31/2018,10/31/2017,10/31/2016,10/31/2015,10/31/2014,10/31/2013,10/31/2012,10/31/2011,10/31/2010,10/31/2009,10/31/2008,10/31/2007,10/31/2006,10/31/2005,10/31/2004,10/31/2003,10/31/2002,10/31/2001,10/31/2000,10/31/1999,10/31/1998,10/31/1997,10/31/1996,10/31/1995,10/31/1994,10/31/1993,10/31/1992,10/31/1991,10/31/1990,10/31/1989,10/31/1988,10/31/1987,10/31/1986,10/31/1985
TotalRevenue,"26,854,000,000","26,517,000,000","25,785,000,000","23,063,000,000","17,202,000,000","14,608,000,000","16,705,000,000","14,698,000,000","10,825,000,000","9,659,000,000","9,072,000,000","7,509,000,000","8,719,000,000","10,517,000,000","9,549,000,000","5,013,607,000","8,129,240,000","9,734,856,000","9,167,014,000","6,991,823,000","8,013,053,000","4,477,291,000","5,062,312,000","7,343,248,000","9,564,412,000","5,096,302,000","4,330,014,000","4,074,300,000","4,144,800,000","3,061,900,000","1,659,800,000","1,080,000,000","751,400,000","638,600,000","567,100,000","501,800,000","362,800,000","174,400,000","149,300,000","174,600,000"
	OperatingRevenue,"26,854,000,000","26,517,000,000","25,785,000,000","23,063,000,000","17,202,000,000","14,608,000,000","16,705,000,000","14,698,000,000","10,825,000,000","9,659,000,000","9,072,000,000","7,509,000,000","8,719,000,000","10,517,000,000","9,549,000,000","5,013,607,000","8,129,240,000","9,734,856,000","9,167,014,000","6,991,823,000","8,013,053,000","4,477,291,000","5,062,312,000","7,343,248,000","9,564,412,000","5,096,302,000","4,330,014,000","4,074,300,000","4,144,800,000","3,061,900,000","1,659,800,000","1,080,000,000","751,400,000","638,600,000","567,100,000","501,800,000","362,800,000","174,400,000","149,300,000","174,600,000"
CostOfRevenue,"14,123,000,000","14,133,000,000","13,792,000,000","12,149,000,000","9,510,000,000","8,222,000,000","9,188,000,000","8,086,000,000","6,314,000,000","5,707,000,000","5,229,000,000","4,518,000,000","5,406,000,000","6,157,000,000","5,834,000,000","3,582,802,000","4,686,412,000","5,242,413,000","4,875,212,000","3,905,949,000","4,311,808,000","2,872,836,000","3,005,651,000","4,091,215,000","4,708,684,000","2,388,674,000","2,020,202,000","2,173,400,000","2,046,200,000","1,652,000,000","891,500,000","565,500,000","414,300,000","345,500,000","286,000,000","245,400,000","180,700,000","93,800,000","81,100,000","89,000,000"
GrossProfit,"12,731,000,000","12,384,000,000","11,993,000,000","10,914,000,000","7,692,000,000","6,386,000,000","7,517,000,000","6,612,000,000","4,511,000,000","3,952,000,000","3,843,000,000","2,991,000,000","3,313,000,000","4,360,000,000","3,715,000,000","1,430,805,000","3,442,828,000","4,492,443,000","4,291,802,000","3,085,874,000","3,701,245,000","1,604,455,000","2,056,661,000","3,252,033,000","4,855,728,000","2,707,628,000","2,309,812,000","1,900,900,000","2,098,600,000","1,409,900,000","768,300,000","514,500,000","337,100,000","293,100,000","281,100,000","256,400,000","182,100,000","80,600,000","68,200,000","85,600,000"
OperatingExpense,"4,939,000,000","4,730,000,000","4,209,000,000","3,714,000,000","3,327,000,000","3,036,000,000","3,026,000,000","2,676,000,000","2,359,000,000","2,348,000,000","2,353,000,000","2,211,000,000","2,313,000,000","2,019,000,000","2,085,000,000","1,668,633,000","2,069,286,000","2,094,516,000","2,631,724,000","1,637,909,000","1,770,121,000","1,546,483,000","1,761,224,000","2,321,887,000","1,907,884,000","1,723,819,000","1,617,101,000","1,150,500,000","1,170,000,000","715,900,000","429,100,000","350,700,000","264,500,000","240,400,000","222,200,000","172,900,000","111,500,000","78,600,000","64,200,000","69,500,000"
	SellingGeneralAndAdministration,"1,775,000,000","1,628,000,000","1,438,000,000","1,229,000,000","1,093,000,000","982,000,000","1,004,000,000","895,000,000","819,000,000","897,000,000","925,000,000","891,000,000","1,076,000,000","901,000,000","942,000,000","734,518,000","965,164,000","952,443,000","906,742,000","697,402,000","751,621,000","625,865,000","708,955,000","901,924,000","960,753,000","695,296,000","626,311,000","566,600,000","1,021,100,000","386,200,000","242,000,000","311,800,000","235,600,000","215,900,000","206,200,000","161,200,000","100,100,000","69,300,000","56,400,000","64,300,000"
		GeneralAndAdministrativeExpense,"962,000,000","852,000,000","735,000,000","620,000,000","567,000,000","461,000,000","483,000,000","438,000,000","390,000,000","469,000,000","502,000,000","458,000,000","595,000,000","469,000,000","535,820,000","406,946,000","505,762,000","501,185,000",,,,,,,,,,,,,,,,,,,,,,
			OtherGandA,"962,000,000","852,000,000","735,000,000","620,000,000","567,000,000","461,000,000","483,000,000","438,000,000","390,000,000","469,000,000","502,000,000","458,000,000","595,000,000","469,000,000","535,820,000","406,946,000","505,762,000","501,185,000",,,,,,,,,,,,,,,,,,,,,,
		SellingAndMarketingExpense,"813,000,000","776,000,000","703,000,000","609,000,000","526,000,000","521,000,000","521,000,000","457,000,000","429,000,000","428,000,000","423,000,000","433,000,000","481,000,000","432,000,000","406,028,000","327,572,000","459,402,000","451,258,000",,,,,,,,,,,,,,,,,,,,,,
	ResearchAndDevelopment,"3,164,000,000","3,102,000,000","2,771,000,000","2,485,000,000","2,234,000,000","2,054,000,000","2,022,000,000","1,781,000,000","1,540,000,000","1,451,000,000","1,428,000,000","1,320,000,000","1,237,000,000","1,118,000,000","1,143,000,000","934,115,000","1,104,122,000","1,142,073,000","1,152,326,000","940,507,000","991,873,000","920,618,000","1,052,269,000","1,198,799,000","1,107,922,000","740,114,000","697,291,000","567,600,000","481,400,000","329,700,000","189,100,000",,,,,,,,,
	DepreciationAmortizationDepletionIncomeStatement,,,,,,,,,,,,,,,,,,,,,,,,,,"288,409,000","293,499,000",,"148,900,000",,,"38,900,000","28,900,000","24,500,000","16,000,000","11,700,000","11,400,000","9,300,000","7,800,000","5,200,000"
		DepreciationAndAmortizationInIncomeStatement,,,,,,,,,,,,,,,,,,,,,,,,,,"288,409,000","293,499,000",,"148,900,000",,,"38,900,000","28,900,000","24,500,000","16,000,000","11,700,000","11,400,000","9,300,000","7,800,000","5,200,000"
	OtherOperatingExpenses,,,,,,,,,,,,,,,,,"21,837,000",,"572,656,000",,"26,627,000",,"85,479,000","221,164,000","-160,791,000","48,300,000","237,200,000","16,300,000","-100,000",,"-2,000,000",,,,,,,,,
OperatingIncome,"7,792,000,000","7,654,000,000","7,784,000,000","7,200,000,000","4,365,000,000","3,350,000,000","4,491,000,000","3,936,000,000","2,152,000,000","1,604,000,000","1,490,000,000","780,000,000","1,000,000,000","2,341,000,000","1,630,000,000","-237,828,000","1,373,542,000","2,397,927,000","1,660,078,000","1,447,965,000","1,931,124,000","57,972,000","295,437,000","930,146,000","2,947,844,000","983,809,000","692,711,000","750,400,000","928,600,000","694,000,000","339,200,000","163,800,000","72,600,000","52,700,000","58,900,000","83,500,000","70,600,000","2,000,000","4,000,000","16,100,000"
NetNonOperatingInterestIncomeExpense,"637,000,000","62,000,000","-189,000,000","-118,000,000","-199,000,000","-81,000,000","-95,000,000","-120,000,000","-139,000,000","-95,000,000","-72,000,000","-82,000,000","-95,000,000","-17,000,000","16,000,000","27,276,000","88,814,000","97,518,000",,,,,,,,,,,,,,,,,,,,,,
	InterestIncomeNonOperating,"876,000,000","300,000,000","39,000,000","118,000,000","41,000,000","156,000,000","139,000,000","78,000,000","16,000,000","8,000,000","23,000,000","13,000,000","0","42,000,000","37,000,000","48,580,000","109,320,000","136,149,000",,,,,,,,,,,,,,,,,,,,,,
	InterestExpenseNonOperating,"239,000,000","238,000,000","228,000,000","236,000,000","240,000,000","237,000,000","234,000,000","198,000,000","155,000,000","103,000,000","95,000,000","95,000,000","95,000,000","59,000,000","21,000,000","21,304,000","20,506,000","38,631,000",,,,,,,,,,,,,,,,,,,,,,
OtherIncomeExpense,,,"4,000,000","-311,000,000",,,,,,"89,000,000","30,000,000","-348,000,000","-589,000,000","54,000,000","-259,000,000","-275,251,000","-53,638,000","-55,792,000","-214,962,000",,"-194,086,000","-371,754,000","-85,479,000","-221,164,000","28,158,000","-20,915,000","-259,299,000","-6,800,000","14,500,000",,"-1,600,000","700,000","1,500,000","1,600,000","1,900,000","900,000","-600,000","1,800,000","-1,800,000",
	GainOnSaleOfSecurity,,,,,,,,,,"89,000,000","30,000,000","-7,000,000",,,,,,,,,,,,,,,,,,,,,,,,,,,,
	EarningsFromEquityInterest,,,,,,,,,,,,,,,"0","-34,983,000","-35,527,000","-29,371,000","-2,849,000",,,,,,,,,,,,"-3,700,000",,,,,,,,,
	SpecialIncomeCharges,,"0","4,000,000","-311,000,000","0","0",,,,"-14,000,000","-5,000,000","-341,000,000","-589,000,000","54,000,000","-259,000,000","-240,268,000","-18,111,000","-26,421,000","-212,113,000",,"-194,086,000","-371,754,000","-85,479,000","-221,164,000","28,158,000","-20,915,000","-259,299,000","-6,800,000","14,500,000",,"2,100,000","700,000","1,500,000","1,600,000","1,900,000","900,000","-600,000","1,800,000","-1,800,000",
		RestructuringAndMergernAcquisition,,"0","-4,000,000","157,000,000","0","0",,,,"14,000,000","5,000,000","63,000,000","168,000,000","-30,000,000","246,000,000","138,743,000","39,948,000","26,421,000","212,113,000",,"167,459,000","371,754,000","85,479,000",,,,,,"25,100,000",,,,,,,,,,,
		ImpairmentOfCapitalAssets,,,,,,,,,,"0","0","278,000,000","421,000,000","0","0","84,480,000","0",,,,,,,,,,,,,,,,,,,,,,,
		WriteOff,,,,,,,,,,,,"6,000,000","17,000,000","3,000,000","13,000,000","101,525,000","0","0",,,,,,,,,,,,,,,,,,,,,,
		OtherSpecialCharges,,,,"154,000,000",,,,,,,,,,"-30,000,000","245,925,000","155,788,000","-21,837,000",,,,"26,627,000",,,,,,,,,,,,,,,,,,,
		GainOnSaleOfPPE,,,,,,,,,,,,"4,000,000","0","27,000,000","0","0","21,837,000","0",,,,,,,,,,,,,,,,,,,,,,
PretaxIncome,"8,429,000,000","7,716,000,000","7,599,000,000","6,771,000,000","4,166,000,000","3,269,000,000","4,396,000,000","3,816,000,000","2,013,000,000","1,598,000,000","1,448,000,000","350,000,000","316,000,000","2,378,000,000","1,387,000,000","-485,803,000","1,408,718,000","2,439,653,000","2,166,971,000","1,581,569,000","1,829,250,000","-211,556,000","340,511,000","1,103,802,000","2,947,844,000","1,023,344,000","471,621,000","798,900,000","922,500,000","698,500,000","334,500,000","150,400,000","58,900,000","40,300,000","54,100,000","84,400,000","66,700,000","500,000","2,100,000","16,000,000"
TaxProvision,"979,000,000","860,000,000","1,074,000,000","883,000,000","547,000,000","563,000,000","1,358,000,000","297,000,000","292,000,000","221,000,000","376,000,000","94,000,000","207,000,000","452,000,000","449,000,000","-180,476,000","447,972,000","729,457,000","650,308,000","371,669,000","477,947,000","-62,409,000","71,507,000","328,574,000","884,292,000","330,458,000","172,956,000","300,400,000","322,900,000","244,500,000","117,100,000","50,700,000","19,400,000","14,100,000","20,000,000","32,900,000","26,700,000","200,000","900,000","6,700,000"
NetIncomeCommonStockholders,"7,450,000,000","6,856,000,000","6,525,000,000","5,888,000,000","3,619,000,000","2,706,000,000","3,038,000,000","3,519,000,000","1,721,000,000","1,377,000,000","1,072,000,000","256,000,000","109,000,000","1,926,000,000","938,000,000","-305,327,000","960,746,000","1,710,196,000","1,516,663,000","1,209,900,000","1,351,303,000","-149,147,000","269,004,000","775,228,000","2,063,552,000","713,882,000","277,669,000","498,500,000","599,600,000","454,100,000","220,700,000","99,700,000","39,500,000","26,200,000","34,100,000","51,500,000","40,000,000","300,000","1,200,000","9,300,000"
	NetIncome,"7,450,000,000","6,856,000,000","6,525,000,000","5,888,000,000","3,619,000,000","2,706,000,000","3,038,000,000","3,519,000,000","1,721,000,000","1,377,000,000","1,072,000,000","256,000,000","109,000,000","1,926,000,000","938,000,000","-305,327,000","960,746,000","1,710,196,000","1,516,663,000","1,209,900,000","1,351,303,000","-149,147,000","269,004,000","775,228,000","2,063,552,000","713,882,000","277,669,000","498,500,000","599,600,000","454,100,000","220,700,000","99,700,000","39,500,000","26,200,000","34,100,000","51,500,000","40,000,000","300,000","1,200,000","9,300,000"
		NetIncomeIncludingNoncontrollingInterests,"7,450,000,000","6,856,000,000","6,525,000,000","5,888,000,000","3,619,000,000","2,706,000,000","3,038,000,000","3,519,000,000","1,721,000,000","1,377,000,000","1,072,000,000","256,000,000","109,000,000","1,926,000,000","938,000,000","-305,327,000","960,746,000","1,710,196,000","1,516,663,000","1,209,900,000","1,351,303,000","-149,147,000","269,004,000","775,228,000","2,063,552,000","713,882,000","277,669,000","498,500,000","599,600,000","454,100,000","220,700,000","99,700,000","39,500,000","26,200,000","34,100,000","51,500,000","40,000,000","300,000","1,200,000","9,300,000"
			NetIncomeContinuousOperations,"7,450,000,000","6,856,000,000","6,525,000,000","5,888,000,000","3,619,000,000","2,706,000,000","3,038,000,000","3,519,000,000","1,721,000,000","1,377,000,000","1,072,000,000","256,000,000","109,000,000","1,926,000,000","938,000,000","-305,327,000","960,746,000","1,710,196,000","1,516,663,000","1,209,900,000","1,351,303,000","-149,147,000","269,004,000","775,228,000","2,063,552,000","692,886,000","298,665,000","498,500,000","599,600,000","454,100,000","213,700,000","99,700,000","39,500,000","26,200,000","34,100,000","51,500,000","40,000,000","300,000","1,200,000","9,300,000"
			NetIncomeDiscontinuousOperations,,,,,,,,,,,,,,,,,,,,,,,,,,"20,996,000","-20,996,000",,,,,,,,,,,,,
			NetIncomeExtraordinary,,,,,,,,,,,,,,,,,,,,,,,,,,,,,,,"7,000,000",,,,,,,,,
DilutedNIAvailtoComStockholders,"7,450,000,000","6,856,000,000","6,525,000,000","5,888,000,000","3,619,000,000","2,706,000,000","3,038,000,000","3,519,000,000","1,721,000,000","1,377,000,000","1,072,000,000","256,000,000","109,000,000","1,926,000,000","938,000,000","-305,327,000","960,746,000","1,710,196,000","1,516,663,000","1,209,900,000","1,351,303,000","-149,147,000","269,004,000","775,228,000","2,063,552,000","713,882,000","277,669,000","498,500,000","599,600,000","454,100,000","220,700,000","99,700,000","39,500,000","26,200,000","34,100,000","51,500,000","40,000,000","300,000","1,200,000","9,300,000"
BasicEPS,"8.97","8.16","7.49","6.47","3.95","2.89","3.27","3.2","1.56","1.13","0.91","0.21","0.09","1.46","0.7","-0.23","0.71","1.22","0.98","0.753","0.8","-0.09","0.16","0.31","1.28","0.48","0.158","0.33","0.42","0.32","0.165","0.08","0.035","0.025","0.035","0.05","0.04","0.005","0.005","0.015"
DilutedEPS,"8.9","8.11","7.44","6.4","3.92","2.86","3.23","3.17","1.54","1.12","0.9","0.21","0.09","1.45","0.7","-0.23","0.7","1.2","0.97","0.73","0.78","-0.09","0.16","0.3","1.2","0.455","0.153","0.33","0.41","0.32","0.165","0.08","0.035","0.025","0.035","0.05","0.04","0.005","0.005","0.015"
BasicAverageShares,"830,250,000","840,000,000","871,000,000","910,000,000","916,000,000","937,000,000","1,013,000,000","1,073,000,000","1,107,000,000","1,214,000,000","1,215,000,000","1,202,000,000","1,266,000,000","1,319,000,000","1,339,949,000","1,333,091,000","1,354,176,000","1,406,685,000","1,551,339,000","1,654,740,000","1,688,121,000","1,657,188,889","1,643,612,000","1,626,404,000","1,613,160,000","1,557,208,000","1,467,396,000","3,022,704,000","1,427,619,048","2,837,568,000","1,360,336,000","1,246,250,000","1,128,571,429","1,048,000,000","974,285,714","1,030,000,000","1,000,000,000","990,272,000","840,448,000","620,000,000"
DilutedAverageShares,"836,750,000","845,000,000","877,000,000","919,000,000","923,000,000","945,000,000","1,026,000,000","1,084,000,000","1,116,000,000","1,226,000,000","1,231,000,000","1,219,000,000","1,277,000,000","1,330,000,000","1,348,804,000","1,333,091,000","1,374,507,000","1,427,002,000","1,565,072,000","1,657,397,260","1,721,645,000","1,657,188,889","1,701,557,000","1,694,658,000","1,718,338,000","1,641,160,000","1,514,032,000","3,022,704,000","1,462,439,024","2,837,568,000","1,360,336,000","1,246,250,000","1,128,571,429","1,048,000,000","974,285,714","1,030,000,000","1,000,000,000","990,272,000","840,448,000","620,000,000"
TotalOperatingIncomeAsReported,"7,792,000,000","7,654,000,000","7,788,000,000","6,889,000,000","4,365,000,000","3,350,000,000","4,491,000,000","3,936,000,000","2,152,000,000","1,693,000,000","1,520,000,000","432,000,000","411,000,000","2,398,000,000","1,384,000,000","-393,616,000","1,355,431,000","2,371,506,000","1,447,965,000","1,447,965,000","1,763,665,000","-313,782,000","209,958,000","930,146,000","2,947,844,000","983,809,000","692,711,000","690,900,000","928,600,000","693,900,000","339,200,000","163,800,000","72,600,000","52,700,000","58,900,000","83,500,000","70,600,000","2,000,000","4,000,000","16,100,000"
TotalExpenses,"19,062,000,000","18,863,000,000","18,001,000,000","15,863,000,000","12,837,000,000","11,258,000,000","12,214,000,000","10,762,000,000","8,673,000,000","8,055,000,000","7,582,000,000","6,729,000,000","7,719,000,000","8,176,000,000","7,919,000,000","5,251,435,000","6,755,698,000","7,336,929,000","7,506,936,000","5,543,858,000","6,081,929,000","4,419,319,000","4,766,875,000","6,413,102,000","6,616,568,000","4,112,493,000","3,637,303,000","3,323,900,000","3,216,200,000","2,367,900,000","1,320,600,000","916,200,000","678,800,000","585,900,000","508,200,000","418,300,000","292,200,000","172,400,000","145,300,000","158,500,000"
NetIncomeFromContinuingAndDiscontinuedOperation,"7,450,000,000","6,856,000,000","6,525,000,000","5,888,000,000","3,619,000,000","2,706,000,000","3,038,000,000","3,519,000,000","1,721,000,000","1,377,000,000","1,072,000,000","256,000,000","109,000,000","1,926,000,000","938,000,000","-305,327,000","960,746,000","1,710,196,000","1,516,663,000","1,209,900,000","1,351,303,000","-149,147,000","269,004,000","775,228,000","2,063,552,000","713,882,000","277,669,000","498,500,000","599,600,000","454,100,000","213,700,000","99,700,000","39,500,000","26,200,000","34,100,000","51,500,000","40,000,000","300,000","1,200,000","9,300,000"
NormalizedIncome,"7,450,000,000","6,856,000,000","6,521,564,000","6,158,570,000","3,619,000,000","2,706,000,000","3,038,000,000","3,519,000,000","1,721,000,000","1,300,282,000","1,049,800,000","510,388,000","491,850,000","1,882,260,000","1,113,084,000","-154,318,653.744","973,097,706.165","1,728,717,112.845","1,665,120,888.416","1,209,900,000","1,494,678,150.503","112,939,605.145","336,532,487.82","930,557,058.465","2,043,840,815.414","707,047,133.197","462,872,140.554","502,743,084.241","590,175,392.954","454,100,000","212,335,156.951","99,235,970.745","38,494,057.725","25,159,801.489","32,902,402.957","50,950,829.384","40,360,000","-780,000","2,280,000","9,300,000"
InterestIncome,"876,000,000","300,000,000","39,000,000","118,000,000","41,000,000","156,000,000","139,000,000","78,000,000","16,000,000","8,000,000","23,000,000","13,000,000","0","42,000,000","37,000,000","48,580,000","109,320,000","136,149,000",,,,,,,,,,,,,,,,,,,,,,
InterestExpense,"239,000,000","238,000,000","228,000,000","236,000,000","240,000,000","237,000,000","234,000,000","198,000,000","155,000,000","103,000,000","95,000,000","95,000,000","95,000,000","59,000,000","21,000,000","21,304,000","20,506,000","38,631,000",,,,,,,,,,,,,,,,,,,,,,
NetInterestIncome,"637,000,000","62,000,000","-189,000,000","-118,000,000","-199,000,000","-81,000,000","-95,000,000","-120,000,000","-139,000,000","-95,000,000","-72,000,000","-82,000,000","-95,000,000","-17,000,000","16,000,000","27,276,000","88,814,000","97,518,000",,,,,,,,,,,,,,,,,,,,,,
EBIT,"8,668,000,000","7,954,000,000","7,827,000,000","7,007,000,000","4,406,000,000","3,506,000,000","4,630,000,000","4,014,000,000","2,168,000,000","1,701,000,000","1,543,000,000","445,000,000","411,000,000","2,437,000,000","1,408,000,000","-464,499,000","1,429,224,000","2,478,284,000","1,660,078,000","1,447,965,000","1,931,124,000","57,972,000","295,437,000","930,146,000","2,947,844,000","983,809,000","692,711,000","750,400,000","928,600,000","694,000,000","339,200,000","163,800,000","72,600,000","52,700,000","58,900,000","83,500,000","70,600,000","2,000,000","4,000,000","16,100,000"
EBITDA,"9,080,000,000","8,469,000,000","8,271,000,000","7,401,000,000","4,782,000,000","3,869,000,000","5,087,000,000","4,421,000,000","2,557,000,000","2,072,000,000","1,918,000,000","855,000,000","833,000,000","2,683,000,000","1,713,000,000","-173,296,000","1,749,275,000","2,746,618,000","1,930,491,000","1,748,549,000","2,288,109,000","442,363,000","682,963,000","1,317,117,000","3,309,814,000","1,272,218,000","986,210,000","969,800,000","1,077,500,000","777,200,000","398,300,000","202,700,000","101,500,000","77,200,000","74,900,000","95,200,000","82,000,000","11,300,000","11,800,000","21,300,000"
ReconciledCostOfRevenue,"14,123,000,000","14,133,000,000","13,792,000,000","12,149,000,000","9,510,000,000","8,222,000,000","9,188,000,000","8,086,000,000","6,314,000,000","5,707,000,000","5,229,000,000","4,518,000,000","5,406,000,000","6,157,000,000","5,834,000,000","3,582,802,000","4,686,412,000","5,242,413,000","4,875,212,000","3,905,949,000","4,311,808,000","2,872,836,000","3,005,651,000","4,091,215,000","4,708,684,000","2,388,674,000","2,020,202,000","2,173,400,000","2,046,200,000","1,652,000,000","891,500,000","565,500,000","414,300,000","345,500,000","286,000,000","245,400,000","180,700,000","93,800,000","81,100,000","89,000,000"
ReconciledDepreciation,"412,000,000","515,000,000","444,000,000","394,000,000","376,000,000","363,000,000","457,000,000","407,000,000","389,000,000","371,000,000","375,000,000","410,000,000","422,000,000","246,000,000","305,000,000","291,203,000","320,051,000","268,334,000","270,413,000","300,584,000","356,985,000","384,391,000","387,526,000","386,971,000","361,970,000","288,409,000","293,499,000","219,400,000","148,900,000","83,200,000","59,100,000","38,900,000","28,900,000","24,500,000","16,000,000","11,700,000","11,400,000","9,300,000","7,800,000","5,200,000"
NetIncomeFromContinuingOperationNetMinorityInterest,"7,450,000,000","6,856,000,000","6,525,000,000","5,888,000,000","3,619,000,000","2,706,000,000","3,038,000,000","3,519,000,000","1,721,000,000","1,377,000,000","1,072,000,000","256,000,000","109,000,000","1,926,000,000","938,000,000","-305,327,000","960,746,000","1,710,196,000","1,516,663,000","1,209,900,000","1,351,303,000","-149,147,000","269,004,000","775,228,000","2,063,552,000","692,886,000","298,665,000","498,500,000","599,600,000","454,100,000","213,700,000","99,700,000","39,500,000","26,200,000","34,100,000","51,500,000","40,000,000","300,000","1,200,000","9,300,000"
TotalUnusualItemsExcludingGoodwill,"0","0","4,000,000","-311,000,000","0","0",,,,"89,000,000","30,000,000","-348,000,000","-589,000,000","54,000,000","-259,000,000","-240,268,000","-18,111,000","-26,421,000","-212,113,000",,"-194,086,000","-371,754,000","-85,479,000","-221,164,000","28,158,000","-20,915,000","-259,299,000","-6,800,000","14,500,000",,"2,100,000","700,000","1,500,000","1,600,000","1,900,000","900,000","-600,000","1,800,000","-1,800,000",
TotalUnusualItems,"0","0","4,000,000","-311,000,000","0","0",,,,"89,000,000","30,000,000","-348,000,000","-589,000,000","54,000,000","-259,000,000","-240,268,000","-18,111,000","-26,421,000","-212,113,000",,"-194,086,000","-371,754,000","-85,479,000","-221,164,000","28,158,000","-20,915,000","-259,299,000","-6,800,000","14,500,000",,"2,100,000","700,000","1,500,000","1,600,000","1,900,000","900,000","-600,000","1,800,000","-1,800,000",
NormalizedEBITDA,"9,080,000,000","8,469,000,000","8,267,000,000","7,712,000,000","4,782,000,000","3,869,000,000","5,087,000,000","4,421,000,000","2,557,000,000","1,983,000,000","1,888,000,000","1,203,000,000","1,422,000,000","2,629,000,000","1,972,000,000","66,972,000","1,767,386,000","2,773,039,000","2,142,604,000","1,748,549,000","2,482,195,000","814,117,000","768,442,000","1,538,281,000","3,281,656,000","1,293,133,000","1,245,509,000","976,600,000","1,063,000,000","777,200,000","396,200,000","202,000,000","100,000,000","75,600,000","73,000,000","94,300,000","82,600,000","9,500,000","13,600,000","21,300,000"
TaxRateForCalcs,"0.116","0.111","0.141","0.13","0.131","0.172","0.309","0.078","0.145","0.138","0.26","0.269","0.35","0.19","0.324","0.372","0.318","0.299","0.3","0.235","0.261","0.295","0.21","0.298","0.3","0.323","0.367","0.376","0.35","0.35","0.35","0.337","0.329","0.35","0.37","0.39","0.4","0.4","0.4","0.4"
TaxEffectOfUnusualItems,"0","0","564,000","-40,430,000","0","0","0","0","0","12,282,000","7,800,000","-93,612,000","-206,150,000","10,260,000","-83,916,000","-89,259,653.744","-5,759,293.835","-7,899,887.155","-63,655,111.584","0","-50,710,849.497","-109,667,394.855","-17,950,512.18","-65,834,941.535","8,446,815.414","-6,753,866.803","-95,091,859.446","-2,556,915.759","5,075,392.954","0","735,156.951","235,970.745","494,057.725","559,801.489","702,402.957","350,829.384","-240,000","720,000","-720,000","0"