name,ttm,12/31/2023,12/31/2022,12/31/2021,12/31/2020,12/31/2019,12/31/2018,12/31/2017,12/31/2016,12/31/2015,12/31/2014,12/31/2013,12/31/2012,12/31/2011,12/31/2010,12/31/2009,12/31/2008,12/31/2007,12/31/2006,12/31/2005,12/31/2004,12/31/2003,12/31/2002,12/31/2001,12/31/2000,12/31/1999,12/31/1998,12/31/1997,12/31/1996,12/31/1995,12/31/1994,12/31/1993,12/31/1992,12/31/1991
TotalRevenue,"4,274,600,000","4,450,600,000","4,581,100,000","4,009,500,000","3,502,100,000","3,415,600,000","3,399,800,000","2,626,000,000","2,440,413,000","2,065,008,000","1,724,741,000","1,523,101,000","1,134,614,000","515,584,000","438,065,000","416,613,000","618,058,000","567,180,000","287,566,000","237,856,000","193,574,000","209,554,000","250,313,000","194,620,000","195,080,000","159,473,000","132,700,000","107,849,000","88,200,000","62,000,000","48,400,000","38,100,000","32,700,000","26,200,000"
	OperatingRevenue,"4,274,600,000","4,450,600,000","4,581,100,000","4,009,500,000","3,502,100,000","3,415,600,000","3,399,800,000","2,626,000,000","2,440,413,000","2,065,008,000","1,724,741,000","1,523,101,000","1,134,614,000","515,584,000","438,065,000","416,613,000","618,058,000","567,180,000","287,566,000","237,856,000","193,574,000","209,554,000","250,313,000","194,620,000","195,080,000","159,473,000","132,700,000","107,849,000","88,200,000","62,000,000","48,400,000","38,100,000","32,700,000","26,200,000"
CostOfRevenue,"3,050,000,000","3,170,600,000","3,211,500,000","2,867,100,000","2,554,900,000","2,444,100,000","2,376,100,000","1,775,900,000","1,645,230,000","1,386,263,000","1,167,306,000","1,068,226,000","781,905,000","337,896,000","288,609,000","280,245,000","418,602,000","387,643,000","209,725,000","174,627,000","143,663,000","153,381,000","176,520,000","131,343,000","129,959,000","106,494,000","89,800,000","73,900,000","60,500,000","42,400,000","32,900,000","26,200,000","22,300,000","17,700,000"
GrossProfit,"1,224,600,000","1,280,000,000","1,369,600,000","1,142,400,000","947,200,000","971,500,000","1,023,700,000","850,100,000","795,183,000","678,745,000","557,435,000","454,875,000","352,709,000","177,688,000","149,456,000","136,368,000","199,456,000","179,537,000","77,841,000","63,229,000","49,911,000","56,173,000","73,793,000","63,277,000","65,121,000","52,979,000","42,900,000","33,949,000","27,700,000","19,600,000","15,500,000","11,900,000","10,400,000","8,500,000"
OperatingExpense,"891,300,000","915,900,000","960,100,000","791,500,000","666,000,000","695,300,000","763,500,000","625,400,000","605,457,000","526,637,000","419,653,000","338,288,000","270,437,000","139,055,000","130,830,000","121,141,000","155,942,000","151,942,000","67,900,000","64,135,000","97,023,000","139,332,000","54,675,000","38,766,000","36,924,000","31,586,000","26,200,000","21,500,000","18,400,000","12,900,000","10,100,000","8,000,000","7,500,000","6,700,000"
	SellingGeneralAndAdministration,"825,400,000","844,200,000","895,000,000","735,800,000","615,000,000","645,000,000","705,000,000","592,000,000","565,829,000","492,170,000","397,523,000","317,345,000","252,574,000","136,709,000","128,715,000","121,141,000","155,942,000","151,942,000","67,900,000","64,135,000","66,695,000","59,435,000","54,675,000","38,766,000","35,532,000","30,428,000","25,300,000","20,700,000","17,700,000","12,400,000","9,700,000","7,600,000","7,100,000","6,500,000"
	DepreciationAmortizationDepletionIncomeStatement,"65,900,000","71,700,000","65,100,000","55,700,000","51,000,000","50,300,000","58,500,000","33,400,000","39,628,000","34,467,000","22,130,000","20,943,000","17,863,000","2,346,000","2,115,000",,,,,,,"79,897,000",,,"1,392,000","1,158,000","900,000","800,000","700,000","500,000","400,000","400,000","400,000","200,000"
		DepreciationAndAmortizationInIncomeStatement,"65,900,000","71,700,000","65,100,000","55,700,000","51,000,000","50,300,000","58,500,000","33,400,000","39,628,000","34,467,000","22,130,000","20,943,000","17,863,000","2,346,000","2,115,000",,,,,,,"79,897,000",,,"1,392,000","1,158,000","900,000","800,000","700,000","500,000","400,000","400,000","400,000","200,000"
			Amortization,"65,900,000","71,700,000","65,100,000","55,700,000","51,000,000","50,300,000","58,500,000","33,400,000","39,628,000","34,467,000","22,130,000","20,943,000","17,863,000","2,346,000","2,115,000",,,,,,,"79,897,000",,,,,,,,,,,,
				AmortizationOfIntangiblesIncomeStatement,"65,900,000","71,700,000","65,100,000","55,700,000","51,000,000","50,300,000","58,500,000","33,400,000","39,628,000","34,467,000","22,130,000","20,943,000","17,863,000","2,346,000","2,115,000",,,,,,,"79,897,000",,,,,,,,,,,,
	OtherOperatingExpenses,,,,,,,,,,,,,,,,,,,,,"30,328,000",,,,,,,,,,,,,
OperatingIncome,"333,300,000","364,100,000","409,500,000","350,900,000","281,200,000","276,200,000","260,200,000","224,700,000","189,726,000","152,108,000","137,782,000","116,587,000","82,272,000","38,633,000","18,626,000","15,227,000","43,514,000","27,595,000","9,941,000","-906,000","-47,112,000","-83,159,000","19,118,000","24,511,000","28,197,000","21,393,000","16,700,000","12,449,000","9,300,000","6,700,000","5,400,000","3,900,000","2,900,000","1,800,000"
NetNonOperatingInterestIncomeExpense,"-68,600,000","-66,400,000","-45,900,000","-37,500,000","-39,700,000","-52,900,000","-56,000,000","-27,600,000","-32,327,000","-26,444,000","-12,730,000","-13,931,000","-15,768,000","-2,936,000","-8,168,000","-6,442,000","-9,283,000",,,,,,,,,,,,,,,,,
	InterestIncomeNonOperating,,,,,,,,,,,,,,"39,000","141,000","170,000","715,000",,,,,,,,,,,,,,,,,
	InterestExpenseNonOperating,"68,600,000","66,400,000","45,900,000","37,500,000","39,700,000","52,900,000","56,000,000","27,600,000","32,327,000","26,444,000","12,730,000","13,931,000","15,768,000","2,936,000","8,168,000","6,612,000","9,998,000",,,,,,,,,,,,,,,,,
	TotalOtherFinanceCost,,,,,,"18,900,000",,,,"3,751,000",,"14,958,000","813,000",,,,,,,,,,,,,,,,,,,,,
OtherIncomeExpense,,,,,,"-18,900,000",,,,"-3,751,000",,"-14,958,000","-813,000",,"-15,399,000",,,"-1,206,000",,,"-30,328,000",,,,,,"1,300,000","800,000","100,000","400,000","200,000","100,000","100,000",
	SpecialIncomeCharges,,,,"0","0","-18,900,000","0","0","0","-3,751,000","0","-14,958,000","-813,000","0","-15,399,000","0",,"-1,206,000",,,"-30,328,000",,,,,,"1,300,000","800,000","100,000","400,000","200,000","100,000","100,000",
		ImpairmentOfCapitalAssets,,,,,,,,,,,,,"0","0","15,399,000","0",,,,,,,,,,,,,,,,,,
		OtherSpecialCharges,,,,,,"18,900,000",,,,"3,751,000",,"14,958,000","813,000",,,,,,,,,,,,,,,,,,,,,
PretaxIncome,"264,700,000","297,700,000","363,600,000","313,400,000","241,500,000","204,400,000","204,200,000","197,100,000","157,399,000","121,913,000","125,052,000","87,698,000","65,691,000","35,697,000","-4,941,000","8,785,000","34,231,000","16,815,000","11,585,000","-225,000","-46,717,000","-82,767,000","19,818,000","27,086,000","30,639,000","23,028,000","18,000,000","13,300,000","9,400,000","7,200,000","5,500,000","4,000,000","2,900,000","1,800,000"
TaxProvision,"69,700,000","78,400,000","96,700,000","81,600,000","63,900,000","54,700,000","46,200,000","39,200,000","60,203,000","50,491,000","51,557,000","36,558,000","28,496,000","14,833,000","4,956,000","4,078,000","15,261,000","7,493,000","541,000","-129,000","-4,324,000","-967,000","7,570,000","10,046,000","11,392,000","8,566,000","6,700,000","5,000,000","3,800,000","2,900,000","2,200,000","1,500,000","1,100,000","700,000"
NetIncomeCommonStockholders,"195,000,000","219,300,000","268,100,000","409,900,000","200,300,000","174,700,000","157,700,000","157,700,000","97,201,000","97,650,000","77,184,000","84,512,000","42,653,000","24,297,000","-9,897,000","4,707,000","18,970,000","9,322,000","11,044,000","-96,000","-42,393,000","-81,800,000","12,248,000","17,040,000","19,247,000","14,462,000","11,300,000","8,300,000","5,600,000","4,300,000","3,300,000","2,500,000","1,800,000","1,100,000"
	NetIncome,"195,000,000","219,300,000","268,100,000","409,900,000","200,300,000","174,700,000","157,700,000","157,700,000","97,201,000","97,650,000","77,184,000","84,512,000","42,653,000","24,297,000","-9,897,000","4,707,000","18,970,000","9,322,000","11,044,000","-96,000","-42,393,000","-81,800,000","12,248,000","17,040,000","19,247,000","14,462,000","11,300,000","8,300,000","5,600,000","4,300,000","3,300,000","2,500,000","1,800,000","1,100,000"
		NetIncomeIncludingNoncontrollingInterests,"195,000,000","219,300,000","268,100,000","409,900,000","200,300,000","174,700,000","157,700,000","157,700,000","97,201,000","97,650,000","77,184,000","84,512,000","42,653,000","24,297,000","-9,897,000","4,707,000","18,970,000","9,322,000","11,044,000","-96,000","-42,393,000","-81,800,000","12,248,000","17,040,000","19,247,000","14,462,000","11,300,000","8,300,000","5,600,000","4,300,000","3,300,000","2,500,000","1,800,000","1,100,000"
			NetIncomeContinuousOperations,"195,000,000","219,300,000","266,900,000","231,800,000","177,600,000","149,700,000","158,000,000","157,900,000","97,196,000","71,422,000","73,495,000","51,140,000","37,195,000","20,864,000","-9,897,000","4,707,000","18,970,000","9,322,000","11,044,000","-96,000","-42,393,000","-81,800,000","12,248,000","17,040,000","19,247,000","14,462,000","11,300,000","8,300,000","5,600,000","4,300,000","3,300,000","2,500,000","1,800,000","1,100,000"
			NetIncomeDiscontinuousOperations,,"0","1,200,000","178,100,000","22,700,000","25,000,000","-300,000","-200,000","5,000","26,228,000","3,689,000","33,372,000","5,458,000","3,433,000",,,,,,,,,,,,,,,,,,,,
DilutedNIAvailtoComStockholders,"195,000,000","219,300,000","268,100,000","409,900,000","200,300,000","174,700,000","157,700,000","157,700,000","97,201,000","97,650,000","77,184,000","84,512,000","42,653,000","24,297,000","-9,897,000","4,707,000","18,970,000","9,322,000","11,044,000","-96,000","-42,393,000","-81,800,000","12,248,000","17,040,000","19,247,000","14,462,000","11,300,000","8,300,000","5,600,000","4,300,000","3,300,000","2,500,000","1,800,000","1,100,000"
BasicEPS,"4.16","4.54","5.3","7.78","3.8","3.31","3.02","3.01","1.83","1.87","1.44","1.58","0.91","0.66","-0.27","0.13","0.53","0.27","0.41","0","-1.68","-3.22","0.48","0.75","0.87","0.66","0.52","0.39","0.28","0.22","0.18","0.14","0.1","0.07"
DilutedEPS,"4.12","4.5","5.23","7.66","3.76","3.28","2.98","2.97","1.81","1.84","1.42","1.55","0.89","0.64","-0.27","0.13","0.53","0.26","0.39","0","-1.68","-3.22","0.48","0.74","0.83","0.645","0.5","0.38","0.26","0.21","0.17","0.12","0.1","0.07"
BasicAverageShares,"46,800,000","48,300,000","50,600,000","52,700,000","52,700,000","52,800,000","52,333,000","52,503,000","53,192,000","52,259,000","53,437,000","53,481,000","46,739,000","36,876,000","36,429,000","36,011,000","35,487,000","35,138,000","27,155,000","25,464,000","25,231,000","25,422,000","25,413,000","22,645,000","22,193,000","21,906,000","21,720,000","21,111,111","20,000,000","19,545,455","18,333,333","17,857,143","18,000,000","15,714,286"
DilutedAverageShares,"47,200,000","48,700,000","51,300,000","53,500,000","53,300,000","53,400,000","53,061,000","53,205,000","53,747,000","53,005,000","54,294,000","54,555,000","47,826,000","37,758,000","36,429,000","36,335,000","35,858,000","35,771,000","28,052,000","25,464,000","25,231,000","25,422,000","25,542,000","23,037,000","23,080,000","22,372,000","22,604,000","21,111,111","21,538,462","20,476,190","19,411,765","20,833,333","18,000,000","15,714,286"
TotalOperatingIncomeAsReported,"333,300,000","364,100,000","409,500,000","350,900,000","281,200,000","276,200,000","260,200,000","224,700,000","189,726,000","152,108,000","137,782,000","116,587,000","82,272,000","38,633,000","3,227,000","15,227,000","43,514,000","27,595,000","9,941,000","-906,000","-47,112,000","-83,159,000","19,118,000","24,511,000","28,197,000","21,393,000","16,700,000","12,449,000","9,300,000","6,700,000","5,400,000","3,900,000","2,900,000","1,800,000"
TotalExpenses,"3,941,300,000","4,086,500,000","4,171,600,000","3,658,600,000","3,220,900,000","3,139,400,000","3,139,600,000","2,401,300,000","2,250,687,000","1,912,900,000","1,586,959,000","1,406,514,000","1,052,342,000","476,951,000","419,439,000","401,386,000","574,544,000","539,585,000","277,625,000","238,762,000","240,686,000","292,713,000","231,195,000","170,109,000","166,883,000","138,080,000","116,000,000","95,400,000","78,900,000","55,300,000","43,000,000","34,200,000","29,800,000","24,400,000"
NetIncomeFromContinuingAndDiscontinuedOperation,"195,000,000","219,300,000","268,100,000","409,900,000","200,300,000","174,700,000","157,700,000","157,700,000","97,201,000","97,650,000","77,184,000","84,512,000","42,653,000","24,297,000","-9,897,000","4,707,000","18,970,000","9,322,000","11,044,000","-96,000","-42,393,000","-81,800,000","12,248,000","17,040,000","19,247,000","14,462,000","11,300,000","8,300,000","5,600,000","4,300,000","3,300,000","2,500,000","1,800,000","1,100,000"
NormalizedIncome,"195,000,000","219,300,000","266,900,000","231,800,000","177,600,000","163,542,123.288","158,000,000","157,900,000","97,196,000","73,672,600","73,495,000","60,862,700","37,723,450","20,864,000","112,350","4,707,000","18,970,000","10,105,900","11,044,000","-96,000","-14,872,078.194","-81,800,000","12,248,000","17,040,000","19,247,000","14,462,000","10,483,888.889","7,800,751.88","5,540,000","4,060,000","3,180,000","2,437,500","1,737,931.034","1,100,000"
InterestIncome,,,,,,,,,,,,,,"39,000","141,000","170,000","715,000",,,,,,,,,,,,,,,,,
InterestExpense,"68,600,000","66,400,000","45,900,000","37,500,000","39,700,000","52,900,000","56,000,000","27,600,000","32,327,000","26,444,000","12,730,000","13,931,000","15,768,000","2,936,000","8,168,000","6,612,000","9,998,000",,,,,,,,,,,,,,,,,
NetInterestIncome,"-68,600,000","-66,400,000","-45,900,000","-37,500,000","-39,700,000","-52,900,000","-56,000,000","-27,600,000","-32,327,000","-26,444,000","-12,730,000","-13,931,000","-15,768,000","-2,936,000","-8,168,000","-6,442,000","-9,283,000",,,,,,,,,,,,,,,,,
EBIT,"333,300,000","364,100,000","409,500,000","350,900,000","281,200,000","257,300,000","260,200,000","224,700,000","189,726,000","148,357,000","137,782,000","101,629,000","81,459,000","38,633,000","3,227,000","15,397,000","44,229,000","27,595,000","9,941,000","-906,000","-47,112,000","-83,159,000","19,118,000","24,511,000","28,197,000","21,393,000","16,700,000","12,449,000","9,300,000","6,700,000","5,400,000","3,900,000","2,900,000","1,800,000"
EBITDA,"432,800,000","464,400,000","500,900,000","440,500,000","370,900,000","348,500,000","355,200,000","283,300,000","251,975,000","199,926,000","176,078,000","131,511,000","106,161,000","47,484,000","11,223,000","27,203,000","58,771,000","49,673,000","15,570,000","5,357,000","-40,514,000","-3,262,000","24,261,000","26,048,000","29,589,000","22,551,000","17,600,000","13,249,000","10,000,000","7,200,000","5,800,000","4,300,000","3,300,000","2,000,000"
ReconciledCostOfRevenue,"3,016,400,000","3,142,000,000","3,185,200,000","2,833,200,000","2,516,200,000","2,403,200,000","2,339,600,000","1,750,700,000","1,622,609,000","1,369,161,000","1,151,140,000","1,059,287,000","775,066,000","331,391,000","282,728,000","280,245,000","418,602,000","387,643,000","209,725,000","174,627,000","143,663,000","226,128,000","176,520,000","131,343,000","129,959,000","106,494,000","89,800,000","73,900,000","60,500,000","42,400,000","32,900,000","26,200,000","22,300,000","17,700,000"
ReconciledDepreciation,"99,500,000","100,300,000","91,400,000","89,600,000","89,700,000","91,200,000","95,000,000","58,600,000","62,249,000","51,569,000","38,296,000","29,882,000","24,702,000","8,851,000","7,996,000","11,806,000","14,542,000","22,078,000","5,629,000","6,263,000","6,598,000","7,150,000","5,143,000","1,537,000","1,392,000","1,158,000","900,000","800,000","700,000","500,000","400,000","400,000","400,000","200,000"
NetIncomeFromContinuingOperationNetMinorityInterest,"195,000,000","219,300,000","266,900,000","231,800,000","177,600,000","149,700,000","158,000,000","157,900,000","97,196,000","71,422,000","73,495,000","51,140,000","37,195,000","20,864,000","-9,897,000","4,707,000","18,970,000","9,322,000","11,044,000","-96,000","-42,393,000","-81,800,000","12,248,000","17,040,000","19,247,000","14,462,000","11,300,000","8,300,000","5,600,000","4,300,000","3,300,000","2,500,000","1,800,000","1,100,000"
TotalUnusualItemsExcludingGoodwill,,,,"0","0","-18,900,000","0","0","0","-3,751,000","0","-14,958,000","-813,000","0","-15,399,000","0",,"-1,206,000",,,"-30,328,000",,,,,,"1,300,000","800,000","100,000","400,000","200,000","100,000","100,000",
TotalUnusualItems,,,,"0","0","-18,900,000","0","0","0","-3,751,000","0","-14,958,000","-813,000","0","-15,399,000","0",,"-1,206,000",,,"-30,328,000",,,,,,"1,300,000","800,000","100,000","400,000","200,000","100,000","100,000",
NormalizedEBITDA,"432,800,000","464,400,000","500,900,000","440,500,000","370,900,000","367,400,000","355,200,000","283,300,000","251,975,000","203,677,000","176,078,000","146,469,000","106,974,000","47,484,000","26,622,000","27,203,000","58,771,000","50,879,000","15,570,000","5,357,000","-10,186,000","-3,262,000","24,261,000","26,048,000","29,589,000","22,551,000","16,300,000","12,449,000","9,900,000","6,800,000","5,600,000","4,200,000","3,200,000","2,000,000"
TaxRateForCalcs,"0.263","0.263","0.266","0.26","0.265","0.268","0.226","0.199","0.382","0.4","0.35","0.35","0.35","0.35","0.35","0.35","0.35","0.35","0.047","0.4","0.093","0.012","0.382","0.371","0.372","0.372","0.372","0.376","0.4","0.4","0.4","0.375","0.379","0.389"
TaxEffectOfUnusualItems,"0","0","0","0","0","-5,057,876.712","0","0","0","-1,500,400","0","-5,235,300","-284,550","0","-5,389,650","0","0","-422,100","0","0","-2,807,078.194","0","0","0","0","0","483,888.889","300,751.88","40,000","160,000","80,000","37,500","37,931.034","0"