name,ttm,01/31/2024,01/31/2023,01/31/2022,01/31/2021,01/31/2020,01/31/2019,01/31/2018,01/31/2017,01/31/2016,01/31/2015,01/31/2014,01/31/2013,01/31/2012,01/31/2011,01/31/2010,01/31/2009,01/31/2008,01/31/2007,01/31/2006,01/31/2005,01/31/2004,01/31/2003,01/31/2002,01/31/2001
TotalRevenue,"36,465,000,000","34,857,000,000","31,352,000,000","26,492,000,000","21,252,000,000","17,098,000,000","13,282,000,000","10,540,000,000","8,437,000,000","6,667,216,000","5,373,586,000","4,071,003,000","3,050,195,000","2,266,539,000","1,657,139,000","1,305,583,000","1,076,769,000","748,700,000","497,098,000","309,857,000","176,375,000","96,023,000","50,991,000","22,409,000","5,435,000"
	OperatingRevenue,"36,465,000,000","34,857,000,000","31,352,000,000","26,492,000,000","21,252,000,000","17,098,000,000","13,282,000,000","10,540,000,000","8,437,000,000","6,667,216,000","5,373,586,000","4,071,003,000","3,050,195,000","2,266,539,000","1,657,139,000","1,305,583,000","1,076,769,000","748,700,000","497,098,000","309,857,000","176,375,000","96,023,000","50,991,000","22,409,000","5,435,000"
CostOfRevenue,"8,624,000,000","8,541,000,000","8,360,000,000","7,026,000,000","5,438,000,000","4,235,000,000","3,451,000,000","2,773,000,000","2,234,000,000","1,654,548,000","1,289,270,000","968,428,000","683,579,000","488,886,000","323,813,000","257,925,000","220,471,000","171,591,000","118,890,000","69,126,000","33,454,000","17,273,000","10,363,000","6,047,000","3,422,000"
GrossProfit,"27,841,000,000","26,316,000,000","22,992,000,000","19,466,000,000","15,814,000,000","12,863,000,000","9,831,000,000","7,767,000,000","6,203,000,000","5,012,668,000","4,084,316,000","3,102,575,000","2,366,616,000","1,777,653,000","1,333,326,000","1,047,658,000","856,298,000","577,109,000","378,208,000","240,731,000","142,921,000","78,750,000","40,628,000","16,362,000","2,013,000"
OperatingExpense,"20,891,000,000","20,317,000,000","21,134,000,000","18,918,000,000","15,359,000,000","12,400,000,000","9,296,000,000","7,313,000,000","5,985,000,000","4,897,745,000","4,229,949,000","3,388,649,000","2,477,326,000","1,812,738,000","1,235,829,000","932,386,000","792,556,000","556,800,000","381,806,000","220,629,000","136,401,000","75,032,000","51,128,000","45,887,000","35,613,000"
	SellingGeneralAndAdministration,"15,695,000,000","15,411,000,000","16,079,000,000","14,453,000,000","11,761,000,000","9,634,000,000","7,410,000,000","5,760,000,000","4,777,000,000","3,951,445,000","3,437,032,000","2,764,851,000","2,047,847,000","1,517,391,000","1,047,942,000","800,489,000","693,026,000","492,988,000","337,192,000","197,584,000","126,579,000","71,515,000","46,480,000","32,922,000","32,247,000"
		GeneralAndAdministrativeExpense,"2,622,000,000","2,534,000,000","2,553,000,000","2,598,000,000","2,087,000,000","1,704,000,000","1,346,000,000","1,089,000,000","966,000,000","711,621,000","679,936,000","596,719,000","433,821,000","347,781,000","255,913,000","195,290,000","158,613,000",,,,,,,,
			SalariesAndWages,,"1,062,000,000","1,256,000,000","1,104,000,000",,,,,,,,,,,,,,,,,,,,,
			RentAndLandingFees,,,,,,,,"0","0","-36,617,000","0","0",,,,,,,,,,,,,
			OtherGandA,"2,622,000,000","2,534,000,000","2,553,000,000","2,598,000,000","2,087,000,000","1,704,000,000","1,346,000,000","1,089,000,000","966,000,000","748,238,000","679,936,000","596,719,000","433,821,000","347,781,000","255,913,000","195,290,000","158,613,000",,,,,,,,
		SellingAndMarketingExpense,"13,073,000,000","12,877,000,000","13,526,000,000","11,855,000,000","9,674,000,000","7,930,000,000","6,064,000,000","4,671,000,000","3,811,000,000","3,239,824,000","2,757,096,000","2,168,132,000","1,614,026,000","1,169,610,000","792,029,000","605,199,000","534,413,000",,,,,,,,
	ResearchAndDevelopment,"5,196,000,000","4,906,000,000","5,055,000,000","4,465,000,000","3,598,000,000","2,766,000,000","1,886,000,000","1,553,000,000","1,208,000,000","946,300,000","792,917,000","623,798,000","429,479,000","295,347,000","187,887,000","131,897,000","99,530,000","63,812,000","44,614,000","23,330,000","9,822,000","6,962,000","4,648,000","5,308,000","3,366,000"
	DepreciationAmortizationDepletionIncomeStatement,,"891,000,000","916,000,000","727,000,000",,,,,,,,,,,,,,,,,,,,,
		DepreciationAndAmortizationInIncomeStatement,,"891,000,000","916,000,000","727,000,000",,,,,,,,,,,,,,,,,,,,,
			Amortization,,"891,000,000","916,000,000","727,000,000",,,,,,,,,,,,,,,,,,,,,
				AmortizationOfIntangiblesIncomeStatement,,"891,000,000","916,000,000","727,000,000",,,,,,,,,,,,,,,,,,,,,
	OtherOperatingExpenses,,,,,,,,,,,,,,,,,,,,"-285,000",,"-3,445,000",,"7,657,000",
OperatingIncome,"6,950,000,000","5,999,000,000","1,858,000,000","548,000,000","455,000,000","463,000,000","535,000,000","454,000,000","218,000,000","114,923,000","-145,633,000","-286,074,000","-110,710,000","-35,085,000","97,497,000","115,272,000","63,742,000","20,309,000","-3,598,000","20,102,000","6,520,000","3,718,000","-10,500,000","-29,525,000","-33,600,000"
NetNonOperatingInterestIncomeExpense,,,,,,,"-93,000,000","-50,463,000","-67,000,000","-58,339,000","-63,108,000","-67,699,000","-13,045,000","3,746,000","3,364,000","19,219,000","-107,000",,,,,,,,
	InterestIncomeNonOperating,,,,,,,"61,000,000","36,480,000","22,000,000","14,146,000","10,129,000","9,512,000","17,903,000","20,791,000","28,273,000","21,219,000","25,236,000",,,,,,,,
	InterestExpenseNonOperating,,,,,,,"154,000,000","86,943,000","89,000,000","72,485,000","73,237,000","77,211,000","30,948,000","17,045,000","24,909,000","2,000,000","107,000",,,,,,,,
OtherIncomeExpense,"-114,000,000","-1,049,000,000","-1,198,000,000","984,000,000","2,106,000,000","243,000,000","448,000,000","-34,000,000","28,000,000","7,695,000","-4,344,000","-4,162,000","-4,039,000","-1,978,000","3,437,000","7,890,000","21,957,000","1,411,000","1,310,000","724,000","12,000","3,609,000","98,000",,
	GainOnSaleOfSecurity,"292,000,000","189,000,000","252,000,000","1,262,000,000","2,294,000,000","503,000,000","542,000,000","19,000,000","36,000,000","1,195,000","-91,000","706,000","1,659,000","2,477,000","9,462,000","9,189,000",,,,,,,,,
	SpecialIncomeCharges,"-734,000,000","-1,454,000,000","-1,319,000,000","-51,000,000","-124,000,000","-242,000,000","0","0","0","21,792,000","15,625,000","0","0",,"3,437,000","29,109,000","21,957,000","1,411,000","1,310,000","724,000","12,000","3,609,000","98,000",,
		RestructuringAndMergernAcquisition,"335,000,000","988,000,000","828,000,000","0","0",,,,,,,,,,,,,,,,,,,,
		WriteOff,"399,000,000","466,000,000","491,000,000","51,000,000","124,000,000","76,000,000",,,,,,,,,,,,,,,,,,,
		OtherSpecialCharges,,,,,,"166,000,000",,,,,,,,,,,,,,,,,,,
		GainOnSaleOfPPE,,,,,,,,"0","0","21,792,000","15,625,000","0","0",,,,,,,,,,,,
	OtherNonOperatingIncomeExpenses,"328,000,000","216,000,000","-131,000,000","-227,000,000","-64,000,000","-18,000,000","-94,000,000","-53,000,000","-8,000,000","-15,292,000","-19,878,000","-4,868,000","-5,698,000","-4,455,000","-6,025,000","-1,299,000",,,,,,,,,
PretaxIncome,"6,836,000,000","4,950,000,000","660,000,000","1,532,000,000","2,561,000,000","706,000,000","983,000,000","420,000,000","179,000,000","64,279,000","-213,085,000","-357,935,000","-127,794,000","-33,317,000","104,298,000","142,381,000","85,592,000","46,213,000","12,496,000","28,198,000","9,153,000","4,239,000","-10,008,000","-29,034,000","-31,864,000"
TaxProvision,"1,204,000,000","814,000,000","452,000,000","88,000,000","-1,511,000,000","580,000,000","-127,000,000","60,000,000","-144,000,000","111,705,000","49,603,000","-125,760,000","142,651,000","-21,745,000","34,601,000","57,689,000","37,557,000","23,385,000","9,795,000","-1,310,000","1,217,000","541,000",,"0",
NetIncomeCommonStockholders,"5,632,000,000","4,136,000,000","208,000,000","1,444,000,000","4,072,000,000","126,000,000","1,110,000,000","360,000,000","323,000,000","-47,426,000","-262,688,000","-232,175,000","-270,445,000","-11,572,000","64,474,000","80,719,000","43,428,000","18,356,000","481,000","28,474,000","7,346,000","3,514,000","-9,716,000","-28,609,000","-31,671,000"
	NetIncome,"5,632,000,000","4,136,000,000","208,000,000","1,444,000,000","4,072,000,000","126,000,000","1,110,000,000","360,000,000","323,000,000","-47,426,000","-262,688,000","-232,175,000","-270,445,000","-11,572,000","64,474,000","80,719,000","43,428,000","18,356,000","481,000","28,474,000","7,346,000","3,514,000","-9,716,000","-28,609,000","-31,671,000"
		NetIncomeIncludingNoncontrollingInterests,"5,632,000,000","4,136,000,000","208,000,000","1,444,000,000","4,072,000,000","126,000,000","1,110,000,000","360,000,000","323,000,000","-47,426,000","-262,688,000","-232,175,000","-270,445,000","-11,572,000","69,697,000","84,692,000","48,035,000","22,828,000","2,701,000","29,508,000","7,936,000","3,698,000","-10,008,000","-29,034,000","-31,864,000"
			NetIncomeContinuousOperations,"5,632,000,000","4,136,000,000","208,000,000","1,444,000,000","4,072,000,000","126,000,000","1,110,000,000","360,000,000","323,000,000","-47,426,000","-262,688,000","-232,175,000","-270,445,000","-11,572,000","69,697,000","84,692,000","48,035,000","18,356,000","481,000","28,474,000","7,346,000","3,514,000","-9,716,000","-29,034,000","-31,864,000"
		MinorityInterests,,,,,,,,,,,,,"0","0","-5,223,000","-3,973,000","-4,607,000","-4,472,000","-2,220,000","-1,034,000","-590,000","-184,000","292,000","425,000","193,000"
DilutedNIAvailtoComStockholders,"5,632,000,000","4,136,000,000","208,000,000","1,444,000,000","4,072,000,000","126,000,000","1,110,000,000","360,000,000","323,000,000","-47,426,000","-262,688,000","-232,175,000","-270,445,000","-11,572,000","64,474,000","80,719,000","43,428,000","18,356,000","481,000","28,474,000","7,346,000","3,514,000","-9,716,000","-28,609,000","-31,671,000"
BasicEPS,"5.81","4.25","0.21","1.51","4.48","0.15","1.48","0.18","0.26","-0.07","-0.42","-0.39","-0.48","-0.023","0.125","0.163","0.09","0.04","0","0.068","0.025","0.03","-0.093","-0.34","-0.595"
DilutedEPS,"5.74","4.2","0.21","1.48","4.38","0.15","1.43","0.17","0.26","-0.07","-0.42","-0.39","-0.48","-0.023","0.118","0.158","0.088","0.038","0","0.06","0.018","0.01","-0.093","-0.34","-0.595"
BasicAverageShares,"969,000,000","974,000,000","992,000,000","955,000,000","908,000,000","829,000,000","751,000,000","714,919,000","687,797,000","661,647,000","624,148,000","597,613,000","564,896,000","541,208,000","520,888,000","497,848,000","484,732,000","467,360,000","449,544,000","429,096,000","302,012,000","118,420,000","105,500,000","84,156,000","53,256,000"
DilutedAverageShares,"980,000,000","984,000,000","997,000,000","974,000,000","930,000,000","850,000,000","775,000,000","734,598,000","700,217,000","661,647,000","624,148,000","597,613,000","564,896,000","541,208,000","548,714,894","512,456,000","500,912,000","489,688,000","480,616,000","474,948,000","443,496,000","381,636,000","105,500,000","84,156,000","53,256,000"
TotalOperatingIncomeAsReported,"6,615,000,000","5,011,000,000","1,030,000,000","548,000,000","455,000,000","297,000,000","535,000,000","454,000,000","218,000,000","114,923,000","-145,633,000","-286,074,000","-110,710,000","-35,085,000","97,497,000","115,272,000","63,742,000","20,309,000","-3,598,000","20,102,000","6,520,000","3,718,000","-10,500,000","-29,525,000","-33,600,000"
RentExpenseSupplemental,,,,,,,,"0","0","-36,617,000","0","0",,,,,,,,,,,,,
TotalExpenses,"29,515,000,000","28,858,000,000","29,494,000,000","25,944,000,000","20,797,000,000","16,635,000,000","12,747,000,000","10,086,000,000","8,219,000,000","6,552,293,000","5,519,219,000","4,357,077,000","3,160,905,000","2,301,624,000","1,559,642,000","1,190,311,000","1,013,027,000","728,391,000","500,696,000","289,755,000","169,855,000","92,305,000","61,491,000","51,934,000","39,035,000"
NetIncomeFromContinuingAndDiscontinuedOperation,"5,632,000,000","4,136,000,000","208,000,000","1,444,000,000","4,072,000,000","126,000,000","1,110,000,000","360,000,000","323,000,000","-47,426,000","-262,688,000","-232,175,000","-270,445,000","-11,572,000","64,474,000","80,719,000","43,428,000","18,356,000","481,000","28,474,000","7,346,000","3,514,000","-9,716,000","-28,609,000","-31,671,000"
NormalizedIncome,"5,996,152,135.752","5,198,600,000","1,050,930,000","302,561,357.702","2,487,900,000","-64,530,000","714,340,000","343,714,285.714","301,400,000","-61,218,200","-272,008,400","-232,633,900","-271,523,350","-13,182,050","58,134,460","74,746,150","29,155,950","17,438,850","-370,500","28,039,600","7,335,595.542","365,596.603","-9,814,000","-28,609,000","-31,671,000"
InterestIncome,,,,,,,"61,000,000","36,480,000","22,000,000","14,146,000","10,129,000","9,512,000","17,903,000","20,791,000","28,273,000","21,219,000","25,236,000",,,,,,,,
InterestExpense,,,,,,,"154,000,000","86,943,000","89,000,000","72,485,000","73,237,000","77,211,000","30,948,000","17,045,000","24,909,000","2,000,000","107,000",,,,,,,,
NetInterestIncome,,,,,,,"-93,000,000","-50,463,000","-67,000,000","-58,339,000","-63,108,000","-67,699,000","-13,045,000","3,746,000","3,364,000","19,219,000","-107,000",,,,,,,,
EBIT,"6,950,000,000","5,999,000,000","1,858,000,000","548,000,000","455,000,000","463,000,000","535,000,000","454,000,000","268,000,000","136,764,000","-139,848,000","-280,724,000","-96,846,000","-16,272,000","129,207,000","144,381,000","85,699,000","20,309,000","-3,598,000","20,102,000","6,520,000","3,718,000","-10,500,000","-29,525,000","-33,600,000"
EBITDA,"10,551,000,000","9,958,000,000","5,644,000,000","3,846,000,000","3,301,000,000","2,598,000,000","1,517,000,000","1,238,000,000","900,000,000","662,514,000","308,448,000","88,699,000","119,949,000","141,014,000","204,953,000","197,558,000","121,670,000","86,723,000","32,287,000","40,735,000","25,265,000","14,908,000","-4,951,000","-29,525,000","-33,600,000"
ReconciledCostOfRevenue,"8,624,000,000","8,541,000,000","8,360,000,000","7,026,000,000","5,438,000,000","4,235,000,000","3,451,000,000","2,773,000,000","2,234,000,000","1,654,548,000","1,289,270,000","968,428,000","683,579,000","488,886,000","323,813,000","257,925,000","220,471,000","171,591,000","118,890,000","69,126,000","33,454,000","17,273,000","10,363,000","6,047,000","3,422,000"
ReconciledDepreciation,"3,601,000,000","3,959,000,000","3,786,000,000","3,298,000,000","2,846,000,000","2,135,000,000","982,000,000","784,000,000","632,000,000","525,750,000","448,296,000","369,423,000","216,795,000","157,286,000","75,746,000","53,177,000","35,971,000","66,414,000","35,885,000","20,633,000","18,745,000","11,190,000","5,549,000",,
NetIncomeFromContinuingOperationNetMinorityInterest,"5,632,000,000","4,136,000,000","208,000,000","1,444,000,000","4,072,000,000","126,000,000","1,110,000,000","360,000,000","323,000,000","-47,426,000","-262,688,000","-232,175,000","-270,445,000","-11,572,000","64,474,000","80,719,000","43,428,000","18,356,000","481,000","28,474,000","7,346,000","3,514,000","-9,716,000","-28,609,000","-31,671,000"
TotalUnusualItemsExcludingGoodwill,"-442,000,000","-1,265,000,000","-1,067,000,000","1,211,000,000","2,170,000,000","261,000,000","542,000,000","19,000,000","36,000,000","22,987,000","15,534,000","706,000","1,659,000","2,477,000","9,462,000","9,189,000","21,957,000","1,411,000","1,310,000","724,000","12,000","3,609,000","98,000",,
TotalUnusualItems,"-442,000,000","-1,265,000,000","-1,067,000,000","1,211,000,000","2,170,000,000","261,000,000","542,000,000","19,000,000","36,000,000","22,987,000","15,534,000","706,000","1,659,000","2,477,000","9,462,000","9,189,000","21,957,000","1,411,000","1,310,000","724,000","12,000","3,609,000","98,000",,
NormalizedEBITDA,"10,993,000,000","11,223,000,000","6,711,000,000","2,635,000,000","1,131,000,000","2,337,000,000","975,000,000","1,219,000,000","864,000,000","639,527,000","292,914,000","87,993,000","118,290,000","138,537,000","195,491,000","188,369,000","99,713,000","85,312,000","30,977,000","40,011,000","25,253,000","11,299,000","-5,049,000","-29,525,000","-33,600,000"
TaxRateForCalcs,"0.176","0.16","0.21","0.057","0.27","0.27","0.27","0.143","0.4","0.4","0.4","0.35","0.35","0.35","0.33","0.35","0.35","0.35","0.35","0.4","0.133","0.128","0","0","0"
TaxEffectOfUnusualItems,"-77,847,864.248","-202,400,000","-224,070,000","69,561,357.702","585,900,000","70,470,000","146,340,000","2,714,285.714","14,400,000","9,194,800","6,213,600","247,100","580,650","866,950","3,122,460","3,216,150","7,684,950","493,850","458,500","289,600","1,595.542","460,596.603","0","0","0"