name,ttm,01/31/2024,01/31/2023,01/31/2022,01/31/2021,01/31/2020,01/31/2019,01/31/2018,01/31/2017
TotalRevenue,"3,516,257,000","3,055,555,000","2,241,236,000","1,451,594,000","874,438,000","481,413,000","249,824,000","118,752,000","52,745,000"
	OperatingRevenue,"3,516,257,000","3,055,555,000","2,241,236,000","1,451,594,000","874,438,000","481,413,000","249,824,000","118,752,000","52,745,000"
CostOfRevenue,"865,980,000","755,723,000","601,231,000","383,221,000","229,545,000","141,627,000","87,238,000","54,486,000","34,006,000"
GrossProfit,"2,650,277,000","2,299,832,000","1,640,005,000","1,068,373,000","644,893,000","339,786,000","162,586,000","64,266,000","18,739,000"
OperatingExpense,"2,596,849,000","2,301,827,000","1,830,117,000","1,210,921,000","737,422,000","485,851,000","299,450,000","195,706,000","109,295,000"
	SellingGeneralAndAdministration,"1,700,622,000","1,533,330,000","1,221,753,000","839,638,000","522,752,000","355,663,000","214,899,000","136,819,000","70,150,000"
		GeneralAndAdministrativeExpense,"418,494,000","392,764,000","317,344,000","223,092,000","121,436,000","89,068,000","42,217,000","32,542,000","16,402,000"
			OtherGandA,"418,494,000","392,764,000","317,344,000","223,092,000","121,436,000","89,068,000","42,217,000","32,542,000","16,402,000"
		SellingAndMarketingExpense,"1,282,128,000","1,140,566,000","904,409,000","616,546,000","401,316,000","266,595,000","172,682,000","104,277,000","53,748,000"
	ResearchAndDevelopment,"896,227,000","768,497,000","608,364,000","371,283,000","214,670,000","130,188,000","84,551,000","58,887,000","39,145,000"
OperatingIncome,"53,428,000","-1,995,000","-190,112,000","-142,548,000","-92,529,000","-146,065,000","-136,864,000","-131,440,000","-90,556,000"
NetNonOperatingInterestIncomeExpense,"153,162,000","123,174,000","27,176,000","-21,443,000","3,409,000","-442,000","-428,000","-1,648,000","-615,000"
	InterestIncomeNonOperating,"179,147,000","148,930,000","52,495,000","3,788,000","4,968,000",,,,
	InterestExpenseNonOperating,"25,985,000","25,756,000","25,319,000","25,231,000","1,559,000","442,000","428,000","1,648,000","615,000"
OtherIncomeExpense,"9,767,000","1,638,000","3,053,000","3,968,000","1,251,000","6,725,000","-1,418,000","-1,473,000","-82,000"
	OtherNonOperatingIncomeExpenses,"9,767,000","1,638,000","3,053,000","3,968,000","1,251,000","6,725,000","-1,418,000","-1,473,000","-82,000"
PretaxIncome,"216,357,000","122,817,000","-159,883,000","-160,023,000","-87,869,000","-139,782,000","-138,710,000","-134,561,000","-91,253,000"
TaxProvision,"41,793,000","32,232,000","22,402,000","72,355,000","4,760,000","1,997,000","1,367,000","929,000","87,000"
NetIncomeCommonStockholders,"170,197,000","89,327,000","-183,245,000","-234,802,000","-92,629,000","-141,779,000","-140,077,000","-141,343,000","-108,352,000"
	NetIncome,"170,197,000","89,327,000","-183,245,000","-234,802,000","-92,629,000","-141,779,000","-140,077,000","-135,490,000","-91,340,000"
		NetIncomeIncludingNoncontrollingInterests,"174,564,000","90,585,000","-182,285,000","-232,378,000","-92,629,000","-141,779,000","-140,077,000","-135,490,000","-91,340,000"
			NetIncomeContinuousOperations,"174,564,000","90,585,000","-182,285,000","-232,378,000","-92,629,000","-141,779,000","-140,077,000","-135,490,000","-91,340,000"
		MinorityInterests,"-4,367,000","-1,258,000","-960,000","-2,424,000","0","0",,,
	OtherunderPreferredStockDividend,"0",,,,,"0","-3,576,000","5,853,000","17,012,000"
DilutedNIAvailtoComStockholders,"170,197,000","89,327,000","-183,245,000","-234,802,000","-92,629,000","-141,779,000","-140,077,000","-141,343,000","-108,352,000"
BasicEPS,"0.7","0.37","-0.79","-1.03","-0.43","-0.96","-0.818","-0.826","-0.633"
DilutedEPS,"0.69","0.37","-0.79","-1.03","-0.43","-0.96","-0.818","-0.826","-0.633"
BasicAverageShares,"241,674,500","238,637,000","233,139,000","227,142,000","217,756,000","148,062,000","171,202,000","171,202,000","171,202,000"
DilutedAverageShares,"248,305,500","243,635,000","233,139,000","227,142,000","217,756,000","148,062,000","171,202,000","171,202,000","171,202,000"
TotalOperatingIncomeAsReported,"53,428,000","-1,995,000","-190,112,000","-142,548,000","-92,529,000","-146,065,000","-136,864,000","-131,440,000","-90,556,000"
TotalExpenses,"3,462,829,000","3,057,550,000","2,431,348,000","1,594,142,000","966,967,000","627,478,000","386,688,000","250,192,000","143,301,000"
NetIncomeFromContinuingAndDiscontinuedOperation,"170,197,000","89,327,000","-183,245,000","-234,802,000","-92,629,000","-141,779,000","-140,077,000","-135,490,000","-91,340,000"
NormalizedIncome,"170,197,000","89,327,000","-183,245,000","-234,802,000","-92,629,000","-141,779,000","-140,077,000","-135,490,000","-91,340,000"
InterestIncome,"179,147,000","148,930,000","52,495,000","3,788,000","4,968,000",,,,
InterestExpense,"25,985,000","25,756,000","25,319,000","25,231,000","1,559,000","442,000","428,000","1,648,000","615,000"
NetInterestIncome,"153,162,000","123,174,000","27,176,000","-21,443,000","3,409,000","-442,000","-428,000","-1,648,000","-615,000"
EBIT,"242,342,000","148,573,000","-134,564,000","-134,792,000","-86,310,000","-139,340,000","-138,282,000","-132,913,000","-90,638,000"
EBITDA,"424,404,000","293,827,000","-40,754,000","-65,982,000","-46,152,000","-115,827,000","-122,884,000","-125,174,000","-87,617,000"
ReconciledCostOfRevenue,"865,980,000","755,723,000","601,231,000","383,221,000","229,545,000","141,627,000","87,238,000","54,486,000","34,006,000"
ReconciledDepreciation,"182,062,000","145,254,000","93,810,000","68,810,000","40,158,000","23,513,000","15,398,000","7,739,000","3,021,000"
NetIncomeFromContinuingOperationNetMinorityInterest,"170,197,000","89,327,000","-183,245,000","-234,802,000","-92,629,000","-141,779,000","-140,077,000","-135,490,000","-91,340,000"
NormalizedEBITDA,"424,404,000","293,827,000","-40,754,000","-65,982,000","-46,152,000","-115,827,000","-122,884,000","-125,174,000","-87,617,000"
TaxRateForCalcs,"0.193","0.262","0.21","0.21","0.27","0.27","0.27","0.27","0.4"
TaxEffectOfUnusualItems,"0","0","0","0","0","0","0","0","0"