name,ttm,12/31/2023,12/31/2022,12/31/2021,12/31/2020,12/31/2019,12/31/2018,12/31/2017,12/31/2016,12/31/2015,12/31/2014,12/31/2013,12/31/2012,12/31/2011,12/31/2010,12/31/2009,12/31/2008,12/31/2007,12/31/2006,12/31/2005,12/31/2004,12/31/2003,12/31/2002,12/31/2001,12/31/2000,12/31/1999,12/31/1998
TotalRevenue,"19,265,000,000","19,353,000,000","19,428,000,000","18,507,000,000","16,652,000,000","16,783,000,000","16,125,000,000","14,810,000,000","13,487,000,000","12,416,000,000","10,263,000,000","8,843,200,000","7,346,472,000","6,121,156,000","4,592,389,000","3,278,663,000","2,816,304,000","2,135,577,000","1,424,267,000","885,830,000","586,673,000","368,231,000","229,086,000","177,778,000","137,031,000","88,900,000","58,600,000"
	OperatingRevenue,"19,265,000,000","19,353,000,000","19,428,000,000","18,507,000,000","16,652,000,000","16,783,000,000","16,125,000,000","14,810,000,000","13,487,000,000","12,416,000,000","9,069,000,000","7,850,700,000","6,469,013,000","5,338,051,000","3,971,206,000","3,278,663,000","2,816,304,000","2,135,577,000","1,424,267,000","885,830,000","586,673,000","365,656,000","208,657,000","158,969,000","137,031,000","88,900,000","58,600,000"
CostOfRevenue,"12,640,000,000","12,664,000,000","12,448,000,000","11,604,000,000","10,671,000,000","10,634,000,000","9,838,000,000","9,152,000,000","8,108,000,000","7,440,000,000","6,141,000,000","5,265,500,000","4,278,241,000","3,538,622,000","2,654,569,000","1,849,443,000","1,572,816,000","1,206,035,000","787,923,000","479,915,000","319,810,000","199,724,000","122,701,000","90,848,000","70,437,000","46,200,000","31,900,000"
GrossProfit,"6,625,000,000","6,689,000,000","6,980,000,000","6,903,000,000","5,981,000,000","6,149,000,000","6,287,000,000","5,658,000,000","5,379,000,000","4,976,000,000","4,122,000,000","3,577,700,000","3,068,231,000","2,582,534,000","1,937,820,000","1,429,220,000","1,243,488,000","929,542,000","636,344,000","405,915,000","266,863,000","168,507,000","106,385,000","86,930,000","66,594,000","42,700,000","26,700,000"
OperatingExpense,"3,648,000,000","3,771,000,000","4,012,000,000","4,077,000,000","3,652,000,000","3,479,000,000","3,467,000,000","3,105,000,000","3,090,000,000","2,834,000,000","2,237,000,000","1,899,800,000","1,706,735,000","1,446,066,000","1,075,968,000","810,730,000","726,818,000","548,020,000","377,401,000","228,299,000","149,243,000","94,185,000","59,507,000","51,310,000","40,466,000","26,100,000","17,700,000"
	SellingGeneralAndAdministration,"3,133,000,000","3,252,000,000","3,443,000,000","3,503,000,000","3,100,000,000","2,972,000,000","3,007,000,000","2,697,000,000","2,731,000,000","2,509,000,000","2,037,000,000","1,727,600,000","1,557,646,000","1,328,665,000","972,093,000","721,359,000","652,021,000","494,102,000","343,238,000","206,899,000","132,796,000","84,259,000","53,345,000","44,942,000","35,959,000","23,100,000","15,500,000"
	DepreciationAmortizationDepletionIncomeStatement,"515,000,000","519,000,000","569,000,000","574,000,000","552,000,000","507,000,000","460,000,000","408,000,000","359,000,000","325,000,000","200,000,000","172,200,000","149,089,000","117,401,000","103,875,000","89,371,000","74,797,000","53,918,000","34,163,000","21,400,000","16,447,000","11,936,000","7,842,000","6,368,000","4,507,000","3,000,000","2,200,000"
		DepreciationAndAmortizationInIncomeStatement,"515,000,000","519,000,000","569,000,000","574,000,000","552,000,000","507,000,000","460,000,000","408,000,000","359,000,000","325,000,000","200,000,000","172,200,000","149,089,000","117,401,000","103,875,000","89,371,000","74,797,000","53,918,000","34,163,000","21,400,000","16,447,000","11,936,000","7,842,000","6,368,000","4,507,000","3,000,000","2,200,000"
	OtherOperatingExpenses,,,,,,,,,,,,,,,,,,,,,,"-2,010,000","-1,680,000",,,,
OperatingIncome,"2,977,000,000","2,918,000,000","2,968,000,000","2,826,000,000","2,329,000,000","2,670,000,000","2,820,000,000","2,553,000,000","2,289,000,000","2,142,000,000","1,885,000,000","1,677,900,000","1,361,496,000","1,136,468,000","861,852,000","618,490,000","516,670,000","381,522,000","258,943,000","177,616,000","117,620,000","74,322,000","46,878,000","35,620,000","26,128,000","16,600,000","9,000,000"
NetNonOperatingInterestIncomeExpense,"83,000,000","85,000,000","40,000,000","21,000,000","95,000,000","150,000,000","150,000,000","110,000,000","96,000,000","66,000,000","59,000,000","48,900,000","44,514,000","39,249,000","25,793,000","15,895,000","22,188,000",,,,,,,,,,
	InterestIncomeNonOperating,"126,000,000","126,000,000","59,000,000","30,000,000","119,000,000","176,000,000","177,000,000","133,000,000","115,000,000","84,000,000","62,000,000","48,900,000","44,514,000","39,249,000","25,793,000","15,895,000","22,188,000",,,,,,,,,,
	InterestExpenseNonOperating,"43,000,000","41,000,000","19,000,000","9,000,000","24,000,000","26,000,000","27,000,000","23,000,000","19,000,000","18,000,000","3,000,000",,"0",,,,,,,,,,,,,,
OtherIncomeExpense,"-148,000,000","-216,000,000","8,000,000","-20,000,000","-328,000,000","-277,000,000","-173,000,000","-8,000,000","-28,000,000","-44,000,000","-20,000,000","-38,900,000","-18,414,000","-6,568,000","-9,065,000","2,566,000","-23,648,000","3,274,000","1,253,000","-1,326,000","86,000","366,000","18,514,000","16,087,000","-530,000",,"600,000"
	GainOnSaleOfSecurity,"6,000,000","2,000,000","7,000,000","-20,000,000","-116,000,000","-65,000,000","-152,000,000","67,000,000","-30,000,000","-43,000,000","-20,000,000","-41,100,000","-20,015,000","-8,779,000","-9,868,000",,,,,,,,,,,,
	SpecialIncomeCharges,"-164,000,000","-229,000,000","0","0","-215,000,000","-217,000,000","-19,000,000","-72,000,000",,,,,,"-6,568,000","-9,065,000","2,566,000","-23,648,000","3,274,000","1,253,000","-1,326,000","86,000","366,000","18,514,000","16,087,000","-530,000",,"600,000"
		RestructuringAndMergernAcquisition,"164,000,000","229,000,000","0","0","215,000,000","217,000,000","19,000,000","72,000,000",,,,,,,,,,,,,,"2,010,000","1,680,000",,,,
		OtherSpecialCharges,,,,,,,,,,,,,,,,,,,,,,"-2,376,000","-20,194,000",,,,
	OtherNonOperatingIncomeExpenses,"10,000,000","11,000,000","1,000,000",,"3,000,000","5,000,000","-2,000,000","-3,000,000","2,000,000","-1,000,000","-447,000","2,200,000","1,601,000","2,211,000","803,000",,,,,,,,,,,,
PretaxIncome,"2,912,000,000","2,787,000,000","3,016,000,000","2,827,000,000","2,096,000,000","2,543,000,000","2,797,000,000","2,655,000,000","2,357,000,000","2,164,000,000","1,924,000,000","1,687,900,000","1,387,596,000","1,169,149,000","878,580,000","636,951,000","515,210,000","414,356,000","277,811,000","185,272,000","122,095,000","72,231,000","45,091,000","35,399,000","28,247,000","17,900,000","9,600,000"
TaxProvision,"730,000,000","668,000,000","730,000,000","693,000,000","704,000,000","643,000,000","698,000,000","1,153,000,000","805,000,000","540,000,000","485,000,000","459,300,000","336,333,000","285,531,000","145,040,000","101,988,000","84,365,000","64,223,000","45,016,000","19,006,000","21,852,000","14,866,000","10,529,000","13,239,000","10,564,000","6,700,000","3,600,000"
EarningsFromEquityInterestNetOfTax,"13,000,000","7,000,000","4,000,000","3,000,000","0","-58,000,000","2,000,000","2,000,000","1,000,000",,"0",,,,,,,,,,,,,,,,
NetIncomeCommonStockholders,"2,195,000,000","2,126,000,000","2,290,000,000","2,137,000,000","1,392,000,000","1,842,000,000","2,101,000,000","1,504,000,000","1,553,000,000","1,624,000,000","1,439,000,000","1,228,600,000","1,051,263,000","883,618,000","733,540,000","534,963,000","430,845,000","350,133,000","232,795,000","166,266,000","100,243,000","57,365,000","34,562,000","22,160,000","17,683,000","11,200,000","6,000,000"
	NetIncome,"2,195,000,000","2,126,000,000","2,290,000,000","2,137,000,000","1,392,000,000","1,842,000,000","2,101,000,000","1,504,000,000","1,553,000,000","1,624,000,000","1,439,000,000","1,228,600,000","1,051,263,000","883,618,000","733,540,000","534,963,000","430,845,000","350,133,000","232,795,000","166,266,000","100,243,000","57,365,000","34,562,000","22,160,000","17,683,000","11,200,000","6,000,000"
		NetIncomeIncludingNoncontrollingInterests,"2,195,000,000","2,126,000,000","2,290,000,000","2,137,000,000","1,392,000,000","1,842,000,000","2,101,000,000","1,504,000,000","1,553,000,000","1,624,000,000","1,439,000,000","1,228,600,000","1,051,263,000","883,618,000","733,540,000","534,963,000","430,845,000","350,133,000","232,795,000","166,266,000","100,243,000","57,365,000","34,562,000","22,160,000","17,683,000","11,200,000","6,000,000"
			NetIncomeContinuousOperations,"2,195,000,000","2,126,000,000","2,290,000,000","2,137,000,000","1,392,000,000","1,842,000,000","2,101,000,000","1,504,000,000","1,553,000,000","1,624,000,000","1,439,000,000","1,228,600,000","1,051,263,000","883,618,000","733,540,000","534,963,000","430,845,000","350,133,000","232,795,000","166,266,000","100,243,000","57,365,000","34,562,000","22,160,000","17,683,000","11,200,000","6,000,000"
DilutedNIAvailtoComStockholders,"2,195,000,000","2,126,000,000","2,290,000,000","2,137,000,000","1,392,000,000","1,842,000,000","2,101,000,000","1,504,000,000","1,553,000,000","1,624,000,000","1,439,000,000","1,228,600,000","1,051,263,000","883,618,000","733,540,000","534,963,000","430,845,000","350,133,000","232,795,000","166,266,000","100,243,000","57,365,000","34,562,000","22,160,000","17,683,000","11,200,000","6,000,000"
BasicEPS,"4.4","4.21","4.42","4.06","2.58","3.3","3.61","2.54","2.56","2.67","2.37","2.035","1.745","1.455","1.22","0.91","0.745","0.61","0.413","0.305","0.193","0.115","0.073","0.048","0.04","0.025","0.032"
DilutedEPS,"4.39","4.21","4.41","4.05","2.57","3.29","3.6","2.53","2.55","2.65","2.35","2.015","1.72","1.425","1.185","0.89","0.72","0.575","0.388","0.283","0.175","0.105","0.068","0.045","0.036","0.024","0.03"
BasicAverageShares,"499,500,000","505,000,000","518,000,000","527,000,000","540,000,000","559,000,000","582,000,000","593,000,000","607,000,000","609,100,000","608,126,000","604,014,000","602,582,000","606,554,000","601,562,000","586,608,000","580,242,000","576,310,000","563,432,000","545,976,000","523,960,000","500,044,000","473,916,000","456,408,000","445,560,000","440,208,000","190,632,000"
DilutedAverageShares,"500,000,000","505,000,000","519,000,000","528,000,000","541,000,000","560,000,000","584,000,000","595,000,000","610,000,000","613,300,000","612,489,000","609,662,000","611,722,000","620,702,000","618,274,000","602,230,000","597,880,000","607,186,000","602,248,000","587,580,000","570,224,000","543,256,000","509,548,000","488,904,000","486,144,000","465,984,000","198,456,000"
TotalOperatingIncomeAsReported,"2,813,000,000","2,689,000,000","2,968,000,000","2,826,000,000","2,114,000,000","2,453,000,000","2,801,000,000","2,481,000,000","2,289,000,000","2,142,000,000","1,885,000,000","1,677,900,000","1,361,496,000","1,136,468,000","861,852,000","618,490,000","516,670,000","381,522,000","258,943,000","177,616,000","117,620,000","72,312,000","45,198,000","35,620,000","26,128,000","16,600,000","9,000,000"
TotalExpenses,"16,288,000,000","16,435,000,000","16,460,000,000","15,681,000,000","14,323,000,000","14,113,000,000","13,305,000,000","12,257,000,000","11,198,000,000","10,274,000,000","8,378,000,000","7,165,300,000","5,984,976,000","4,984,688,000","3,730,537,000","2,660,173,000","2,299,634,000","1,754,055,000","1,165,324,000","708,214,000","469,053,000","293,909,000","182,208,000","142,158,000","110,903,000","72,300,000","49,600,000"
NetIncomeFromContinuingAndDiscontinuedOperation,"2,195,000,000","2,126,000,000","2,290,000,000","2,137,000,000","1,392,000,000","1,842,000,000","2,101,000,000","1,504,000,000","1,553,000,000","1,624,000,000","1,439,000,000","1,228,600,000","1,051,263,000","883,618,000","733,540,000","534,963,000","430,845,000","350,133,000","232,795,000","166,266,000","100,243,000","57,365,000","34,562,000","22,160,000","17,683,000","11,200,000","6,000,000"
NormalizedIncome,"2,313,391,483.516","2,298,520,000","2,284,694,000","2,152,100,000","1,611,784,000","2,052,654,000","2,229,326,421.166","1,507,000,000","1,572,740,000","1,656,250,000","1,453,960,000","1,258,520,800","1,066,434,370","890,254,924","741,779,780","532,807,865.527","450,620,669.261","347,366,452.775","231,745,033.89","167,455,973.207","100,172,391.883","57,074,327.159","20,371,122.264","12,089,435.295","18,014,787.092","11,200,000","5,625,000"
InterestIncome,"126,000,000","126,000,000","59,000,000","30,000,000","119,000,000","176,000,000","177,000,000","133,000,000","115,000,000","84,000,000","62,000,000","48,900,000","44,514,000","39,249,000","25,793,000","15,895,000","22,188,000",,,,,,,,,,
InterestExpense,"43,000,000","41,000,000","19,000,000","9,000,000","24,000,000","26,000,000","27,000,000","23,000,000","19,000,000","18,000,000","3,000,000",,"0",,,,,,,,,,,,,,
NetInterestIncome,"83,000,000","85,000,000","40,000,000","21,000,000","95,000,000","150,000,000","150,000,000","110,000,000","96,000,000","66,000,000","59,000,000","48,900,000","44,514,000","39,249,000","25,793,000","15,895,000","22,188,000",,,,,,,,,,
EBIT,"2,955,000,000","2,828,000,000","3,035,000,000","2,836,000,000","2,120,000,000","2,569,000,000","2,824,000,000","2,678,000,000","2,376,000,000","2,182,000,000","1,927,000,000","1,677,900,000","1,387,596,000","1,136,468,000","861,852,000","618,490,000","516,670,000","381,522,000","258,943,000","177,616,000","117,620,000","74,322,000","46,878,000","35,620,000","26,128,000","16,600,000","9,000,000"
EBITDA,"3,503,000,000","3,383,000,000","3,604,000,000","3,410,000,000","2,679,000,000","3,095,000,000","3,322,000,000","3,121,000,000","2,755,000,000","2,512,000,000","2,135,000,000","1,857,800,000","1,544,184,000","1,260,643,000","972,024,000","707,861,000","591,467,000","435,440,000","293,106,000","199,016,000","134,067,000","86,258,000","54,720,000","41,988,000","30,635,000","19,600,000","11,200,000"
ReconciledCostOfRevenue,"12,607,000,000","12,628,000,000","12,448,000,000","11,604,000,000","10,664,000,000","10,615,000,000","9,800,000,000","9,117,000,000","8,088,000,000","7,435,000,000","6,133,000,000","5,257,800,000","4,270,742,000","3,531,848,000","2,648,272,000","1,849,443,000","1,572,816,000","1,206,035,000","787,923,000","479,915,000","319,810,000","199,724,000","122,701,000","90,849,000","70,437,000","46,200,000","31,900,000"
ReconciledDepreciation,"548,000,000","555,000,000","569,000,000","574,000,000","559,000,000","526,000,000","498,000,000","443,000,000","379,000,000","330,000,000","208,000,000","179,900,000","156,588,000","124,175,000","110,172,000","89,371,000","74,797,000","53,918,000","34,163,000","21,400,000","16,447,000","11,936,000","7,842,000","6,367,000","4,507,000","3,000,000","2,200,000"
NetIncomeFromContinuingOperationNetMinorityInterest,"2,195,000,000","2,126,000,000","2,290,000,000","2,137,000,000","1,392,000,000","1,842,000,000","2,101,000,000","1,504,000,000","1,553,000,000","1,624,000,000","1,439,000,000","1,228,600,000","1,051,263,000","883,618,000","733,540,000","534,963,000","430,845,000","350,133,000","232,795,000","166,266,000","100,243,000","57,365,000","34,562,000","22,160,000","17,683,000","11,200,000","6,000,000"
TotalUnusualItemsExcludingGoodwill,"-158,000,000","-227,000,000","7,000,000","-20,000,000","-331,000,000","-282,000,000","-171,000,000","-5,000,000","-30,000,000","-43,000,000","-20,000,000","-41,100,000","-20,015,000","-8,779,000","-9,868,000","2,566,000","-23,648,000","3,274,000","1,253,000","-1,326,000","86,000","366,000","18,514,000","16,087,000","-530,000",,"600,000"
TotalUnusualItems,"-158,000,000","-227,000,000","7,000,000","-20,000,000","-331,000,000","-282,000,000","-171,000,000","-5,000,000","-30,000,000","-43,000,000","-20,000,000","-41,100,000","-20,015,000","-8,779,000","-9,868,000","2,566,000","-23,648,000","3,274,000","1,253,000","-1,326,000","86,000","366,000","18,514,000","16,087,000","-530,000",,"600,000"
NormalizedEBITDA,"3,661,000,000","3,610,000,000","3,597,000,000","3,430,000,000","3,010,000,000","3,377,000,000","3,493,000,000","3,126,000,000","2,785,000,000","2,555,000,000","2,155,000,000","1,898,900,000","1,564,199,000","1,269,422,000","981,892,000","705,295,000","615,115,000","432,166,000","291,853,000","200,342,000","133,981,000","85,892,000","36,206,000","25,901,000","31,165,000","19,600,000","10,600,000"
TaxRateForCalcs,"0.251","0.24","0.242","0.245","0.336","0.253","0.25","0.4","0.342","0.25","0.252","0.272","0.242","0.244","0.165","0.16","0.164","0.155","0.162","0.103","0.179","0.206","0.234","0.374","0.374","0.374","0.375"
TaxEffectOfUnusualItems,"-39,608,516.484","-54,480,000","1,694,000","-4,900,000","-111,216,000","-71,346,000","-42,673,578.834","-2,000,000","-10,260,000","-10,750,000","-5,040,000","-11,179,200","-4,843,630","-2,142,076","-1,628,220","410,865.527","-3,872,330.739","507,452.775","203,033.89","-136,026.793","15,391.883","75,327.159","4,323,122.264","6,016,435.295","-198,212.908","0","225,000"