name,ttm,12/31/2023,12/31/2022,12/31/2021,12/31/2020,12/31/2019,12/31/2018,12/31/2017,12/31/2016,12/31/2015,12/31/2014,12/31/2013,12/31/2012,12/31/2011,12/31/2010,12/31/2009,12/31/2008,12/31/2007,12/31/2006,12/31/2005,12/31/2004,12/31/2003,12/31/2002,12/31/2001,12/31/2000,12/31/1999,12/31/1998,12/31/1997,12/31/1996,12/31/1995,12/31/1994,12/31/1993,12/31/1992,12/31/1991,12/31/1990,12/31/1989,12/31/1988,12/31/1987,12/31/1986,12/31/1985
TotalRevenue,"62,363,000,000","61,860,000,000","60,530,000,000","57,351,000,000","55,179,000,000","57,714,000,000","79,591,000,000","79,139,000,000","79,920,000,000","81,742,000,000","92,793,000,000","98,368,000,000","102,874,000,000","106,916,000,000","99,871,000,000","95,758,000,000","103,630,000,000","98,786,000,000","91,424,000,000","91,134,000,000","96,293,000,000","89,131,000,000","81,186,000,000","83,067,000,000","88,396,000,000","87,548,000,000","81,667,000,000","78,508,000,000","73,424,000,000","71,940,000,000","62,668,000,000","62,716,000,000","64,523,000,000","64,792,000,000","69,018,000,000","62,710,000,000","59,681,000,000","54,217,000,000","51,250,000,000","50,056,000,000"
	OperatingRevenue,"62,363,000,000","61,860,000,000","60,530,000,000","57,351,000,000","55,179,000,000","57,714,000,000","79,591,000,000","79,139,000,000","79,920,000,000","81,742,000,000","92,793,000,000","98,368,000,000","102,874,000,000","106,916,000,000","99,871,000,000","95,758,000,000","103,630,000,000","98,786,000,000","91,424,000,000","91,134,000,000","96,293,000,000","89,131,000,000","81,186,000,000","83,067,000,000","88,396,000,000","87,548,000,000","81,667,000,000","78,508,000,000","73,424,000,000","71,940,000,000","62,668,000,000","62,716,000,000","64,523,000,000","64,792,000,000","69,018,000,000","62,710,000,000","59,681,000,000","54,217,000,000","51,250,000,000","50,056,000,000"
CostOfRevenue,"27,382,000,000","27,560,000,000","27,842,000,000","25,865,000,000","24,314,000,000","26,181,000,000","42,655,000,000","42,196,000,000","41,403,000,000","41,057,000,000","46,386,000,000","49,683,000,000","52,513,000,000","56,778,000,000","53,857,000,000","51,973,000,000","57,969,000,000","57,057,000,000","53,129,000,000","54,602,000,000","60,724,000,000","56,584,000,000","50,902,000,000","51,178,000,000","55,972,000,000","55,619,000,000","50,795,000,000","47,899,000,000","45,408,000,000","41,573,000,000","37,384,000,000","38,568,000,000","35,069,000,000","27,324,000,000","26,506,000,000","23,461,000,000","21,777,000,000","21,083,000,000","19,390,000,000","18,209,000,000"
GrossProfit,"34,982,000,000","34,300,000,000","32,687,000,000","31,486,000,000","30,865,000,000","31,533,000,000","36,936,000,000","36,943,000,000","38,516,000,000","40,684,000,000","46,407,000,000","48,684,000,000","50,361,000,000","50,138,000,000","46,014,000,000","43,785,000,000","45,661,000,000","41,729,000,000","38,295,000,000","36,532,000,000","35,569,000,000","32,547,000,000","30,284,000,000","31,889,000,000","32,424,000,000","31,929,000,000","30,872,000,000","30,609,000,000","28,016,000,000","30,367,000,000","25,284,000,000","24,148,000,000","29,454,000,000","37,468,000,000","42,512,000,000","39,249,000,000","37,904,000,000","33,134,000,000","31,860,000,000","31,847,000,000"
OperatingExpense,"25,349,000,000","24,926,000,000","24,533,000,000","24,621,000,000","26,203,000,000","23,995,000,000","23,719,000,000","23,804,000,000","24,877,000,000","24,763,000,000","27,541,000,000","28,215,000,000","28,155,000,000","28,656,000,000","26,670,000,000","26,773,000,000","29,722,000,000","28,213,000,000","26,366,000,000","27,156,000,000","25,953,000,000","23,915,000,000","23,488,000,000","22,034,000,000","20,790,000,000","20,002,000,000","21,708,000,000","21,511,000,000","21,943,000,000","22,776,000,000","20,279,000,000","23,840,000,000","26,048,000,000","36,526,000,000","31,480,000,000","32,356,000,000","29,158,000,000","25,392,000,000","24,001,000,000","20,617,000,000"
	SellingGeneralAndAdministration,"18,148,000,000","17,997,000,000","17,483,000,000","18,745,000,000","20,561,000,000","18,724,000,000","19,366,000,000","19,680,000,000","20,279,000,000","19,894,000,000","22,472,000,000","22,924,000,000","23,085,000,000","23,217,000,000","21,545,000,000","20,521,000,000","22,773,000,000","22,060,000,000","20,259,000,000","21,314,000,000","20,079,000,000","18,601,000,000","18,738,000,000","17,048,000,000","15,639,000,000","14,729,000,000","16,662,000,000","16,634,000,000","16,854,000,000","16,766,000,000","15,916,000,000","18,282,000,000","19,526,000,000","31,376,000,000","27,263,000,000","28,116,000,000","25,287,000,000","21,865,000,000","20,685,000,000","17,723,000,000"
		GeneralAndAdministrativeExpense,"16,965,000,000","16,760,000,000","16,153,000,000","16,286,000,000","20,308,000,000","18,107,000,000","17,397,000,000","18,110,000,000","18,952,000,000","18,604,000,000","21,165,000,000","21,630,000,000","21,746,000,000","21,844,000,000","20,208,000,000","19,269,000,000","21,514,000,000",,,,,,,,,,,,,,,,,,,,,,,
			SalariesAndWages,"1,100,000,000","1,054,000,000","616,000,000","736,000,000","3,508,000,000","1,008,000,000","959,000,000","1,542,000,000","1,439,000,000","1,961,000,000","2,633,000,000","2,452,000,000","2,214,000,000","1,557,000,000","1,623,000,000","739,000,000","1,547,000,000",,,,,,,,,,,,,,,,,,,,,,,
			OtherGandA,"15,865,000,000","15,706,000,000","15,537,000,000","15,550,000,000","16,800,000,000","17,099,000,000","16,438,000,000","16,568,000,000","17,513,000,000","16,643,000,000","18,532,000,000","19,178,000,000","19,532,000,000","20,287,000,000","18,585,000,000","18,530,000,000","19,967,000,000",,,,,,,,,,,,,,,,,,,,,,,
		SellingAndMarketingExpense,"1,183,000,000","1,237,000,000","1,330,000,000","1,413,000,000","1,542,000,000","1,647,000,000","1,466,000,000","1,445,000,000","1,327,000,000","1,290,000,000","1,307,000,000","1,294,000,000","1,339,000,000","1,373,000,000","1,337,000,000","1,252,000,000","1,259,000,000",,,,,,,,,,,,,,,,,,,,,,,
	ResearchAndDevelopment,"7,070,000,000","6,775,000,000","6,567,000,000","6,488,000,000","6,262,000,000","5,910,000,000","5,379,000,000","5,590,000,000","5,726,000,000","5,247,000,000","5,437,000,000","5,743,000,000","5,816,000,000","6,258,000,000","6,026,000,000","5,820,000,000","6,337,000,000","6,153,000,000","6,107,000,000","5,842,000,000","5,874,000,000","5,314,000,000","4,750,000,000","4,986,000,000","5,151,000,000","5,273,000,000","5,046,000,000","4,877,000,000","5,089,000,000","6,010,000,000","4,363,000,000","5,558,000,000","6,522,000,000",,,,,,,
	DepreciationAmortizationDepletionIncomeStatement,"1,039,000,000","995,000,000","1,062,000,000","1,116,000,000","1,123,000,000","762,000,000","435,000,000","496,000,000","503,000,000","304,000,000","374,000,000","370,000,000","328,000,000","289,000,000","253,000,000","285,000,000","306,000,000",,,,,,,,,,,,,,,"4,710,000,000","6,259,000,000","5,150,000,000","4,217,000,000","4,240,000,000","3,871,000,000","3,527,000,000","3,316,000,000","2,894,000,000"
		DepreciationAndAmortizationInIncomeStatement,"1,039,000,000","995,000,000","1,062,000,000","1,116,000,000","1,123,000,000","762,000,000","435,000,000","496,000,000","503,000,000","304,000,000","374,000,000","370,000,000","328,000,000","289,000,000","253,000,000","285,000,000","306,000,000",,,,,,,,,,,,,,,"4,710,000,000","6,259,000,000","5,150,000,000","4,217,000,000","4,240,000,000","3,871,000,000","3,527,000,000","3,316,000,000","2,894,000,000"
			Amortization,"1,039,000,000","995,000,000","1,062,000,000","1,116,000,000","1,123,000,000","762,000,000","435,000,000","496,000,000","503,000,000","304,000,000","374,000,000","370,000,000","328,000,000","289,000,000","253,000,000","285,000,000","306,000,000",,,,,,,,,,,,,,,,,,,,,,,
				AmortizationOfIntangiblesIncomeStatement,"1,039,000,000","995,000,000","1,062,000,000","1,116,000,000","1,123,000,000","762,000,000","435,000,000","496,000,000","503,000,000","304,000,000","374,000,000","370,000,000","328,000,000","289,000,000","253,000,000","285,000,000","306,000,000",,,,,,,,,,,,,,,,,,,,,,,
	ProvisionForDoubtfulAccounts,"-27,000,000","10,000,000","64,000,000","-71,000,000","83,000,000",,,,,,,,,"88,000,000","40,000,000","147,000,000","306,000,000",,,,,,,,,,,,,,,,,,,,,,,
	OtherOperatingExpenses,"-881,000,000","-851,000,000","-643,000,000","-612,000,000","-620,000,000","-639,000,000","-1,026,000,000","-1,466,000,000","-1,631,000,000","-682,000,000","-742,000,000","-822,000,000","-1,074,000,000","-1,108,000,000","-1,154,000,000",,,,,,,,,,,,,,,,,,,,,,,,,
OperatingIncome,"9,633,000,000","9,374,000,000","8,154,000,000","6,865,000,000","4,662,000,000","7,538,000,000","13,217,000,000","13,139,000,000","13,639,000,000","15,921,000,000","18,866,000,000","20,469,000,000","22,206,000,000","21,482,000,000","19,344,000,000","17,012,000,000","15,939,000,000","13,516,000,000","11,929,000,000","9,376,000,000","9,616,000,000","8,632,000,000","6,796,000,000","9,855,000,000","11,634,000,000","11,927,000,000","9,164,000,000","9,098,000,000","6,073,000,000","7,591,000,000","5,005,000,000","308,000,000","3,406,000,000","942,000,000","11,032,000,000","6,893,000,000","8,746,000,000","7,742,000,000","7,859,000,000","11,230,000,000"
NetNonOperatingInterestIncomeExpense,"-950,000,000","-937,000,000","-1,054,000,000","-1,103,000,000","-1,288,000,000","-1,344,000,000","-723,000,000","-615,000,000","-522,000,000","-360,000,000","-394,000,000","-328,000,000","-350,000,000","-275,000,000","-276,000,000","-308,000,000","-330,000,000","-611,000,000","-278,000,000","-220,000,000","-139,000,000","-145,000,000","-145,000,000",,"-717,000,000","-727,000,000","-713,000,000","-728,000,000","-9,000,000","222,000,000","150,000,000","-160,000,000","-787,000,000",,,,,,,
	InterestIncomeNonOperating,"726,000,000","670,000,000","162,000,000","52,000,000","105,000,000","349,000,000","264,000,000","144,000,000","108,000,000","108,000,000","90,000,000","74,000,000","109,000,000","136,000,000","92,000,000","94,000,000","343,000,000",,,,,,,,,,"589,000,000","657,000,000","707,000,000","947,000,000","1,377,000,000","1,113,000,000","573,000,000",,,,,,,
	InterestExpenseNonOperating,"1,676,000,000","1,607,000,000","1,216,000,000","1,155,000,000","1,288,000,000","1,344,000,000","723,000,000","615,000,000","630,000,000","468,000,000","484,000,000","402,000,000","459,000,000","411,000,000","368,000,000","402,000,000","673,000,000","611,000,000","278,000,000","220,000,000","139,000,000","145,000,000","145,000,000",,"717,000,000","727,000,000","713,000,000","728,000,000","716,000,000","725,000,000","1,227,000,000","1,273,000,000","1,360,000,000",,,,,,,
OtherIncomeExpense,"240,000,000","253,000,000","-5,944,000,000","-925,000,000","-802,000,000","1,012,000,000","-1,152,000,000","-1,125,000,000","-787,000,000","-483,000,000","1,515,000,000","104,000,000","684,000,000","-203,000,000","655,000,000","1,434,000,000","1,106,000,000","1,584,000,000","1,666,000,000","3,070,000,000","1,192,000,000","930,000,000","873,000,000","1,829,000,000","617,000,000","557,000,000","589,000,000","657,000,000","2,523,000,000",,,"-8,945,000,000","-11,645,000,000","602,000,000","495,000,000","728,000,000","996,000,000","1,352,000,000","1,005,000,000","832,000,000"
	GainOnSaleOfSecurity,"-203,000,000","-60,000,000","140,000,000","132,000,000","9,000,000","296,000,000","94,000,000","-44,000,000","-167,000,000","-167,000,000","-29,000,000","123,000,000","223,000,000","-173,000,000","-95,000,000","-99,000,000","-250,000,000",,,,,,,,,,"2,592,000,000",,"2,523,000,000",,,,,,,,,,,
	SpecialIncomeCharges,,"8,000,000","21,000,000","35,000,000","-109,000,000","-89,000,000","-67,000,000","-55,000,000","-87,000,000","-231,000,000","-334,000,000","-156,000,000","-50,000,000","-88,000,000","-40,000,000","1,533,000,000","1,356,000,000","1,584,000,000","1,666,000,000","3,070,000,000","1,192,000,000","930,000,000","873,000,000","1,829,000,000","617,000,000","557,000,000","589,000,000","657,000,000",,"0","0","-8,945,000,000","-11,645,000,000","602,000,000","495,000,000","728,000,000","996,000,000","1,352,000,000","1,005,000,000","832,000,000"
		RestructuringAndMergernAcquisition,,,,,,,,,,,,,,,,,,,,,,,,,,,,,,"0","0","8,945,000,000","11,645,000,000",,,,,,,
		WriteOff,,,,,"109,000,000","89,000,000","67,000,000","55,000,000","87,000,000","231,000,000","334,000,000","156,000,000","50,000,000","88,000,000","40,000,000",,,,,,,,,,,,,,,,,,,,,,,,,
		OtherSpecialCharges,,,,,,,,,,,,,,"-1,165,000,000","-1,944,000,000","-1,528,000,000","-1,330,000,000","-1,584,000,000","-1,666,000,000","-3,070,000,000","-1,192,000,000","-930,000,000","-873,000,000",,"-617,000,000","-557,000,000","-589,000,000","-657,000,000",,,,,,,,,,,,
		GainOnSaleOfPPE,,"8,000,000","21,000,000","35,000,000","41,000,000",,,,,,,,,"0",,"5,000,000","26,000,000",,,,,,,,,,,,,,,,,,,,,,,
	OtherNonOperatingIncomeExpenses,"435,000,000","305,000,000","-6,105,000,000","-1,057,000,000","-802,000,000","1,012,000,000","-1,152,000,000","-1,125,000,000","-533,000,000","-85,000,000","1,878,000,000","137,000,000","511,000,000","58,000,000","790,000,000",,,,,,,,,,,,,,,,,,,,,,,,,
PretaxIncome,"8,925,000,000","8,690,000,000","1,156,000,000","4,837,000,000","2,572,000,000","7,206,000,000","11,342,000,000","11,400,000,000","12,330,000,000","15,945,000,000","19,986,000,000","20,244,000,000","22,540,000,000","21,003,000,000","19,723,000,000","18,138,000,000","16,715,000,000","14,489,000,000","13,317,000,000","12,226,000,000","10,669,000,000","9,417,000,000","7,524,000,000","11,450,000,000","11,534,000,000","11,757,000,000","9,040,000,000","9,027,000,000","8,587,000,000","7,813,000,000","5,155,000,000","-8,797,000,000","-9,026,000,000","121,000,000","10,203,000,000","6,645,000,000","9,033,000,000","8,609,000,000","8,389,000,000","11,619,000,000"
TaxProvision,"521,000,000","1,176,000,000","-626,000,000","124,000,000","-1,360,000,000","60,000,000","2,619,000,000","5,642,000,000","449,000,000","2,581,000,000","4,234,000,000","3,363,000,000","5,541,000,000","5,148,000,000","4,890,000,000","4,713,000,000","4,381,000,000","4,071,000,000","3,901,000,000","4,232,000,000","3,172,000,000","2,829,000,000","2,190,000,000","3,304,000,000","3,441,000,000","4,045,000,000","2,712,000,000","2,934,000,000","3,158,000,000","3,635,000,000","2,134,000,000","-810,000,000","-2,161,000,000","685,000,000","4,183,000,000","2,887,000,000","3,542,000,000","3,351,000,000","3,600,000,000","5,064,000,000"
NetIncomeCommonStockholders,"8,430,000,000","7,502,000,000","1,639,000,000","5,743,000,000","5,590,000,000","9,431,000,000","8,728,000,000","5,753,000,000","11,872,000,000","13,190,000,000","12,022,000,000","16,483,000,000","16,604,000,000","15,855,000,000","14,833,000,000","13,425,000,000","12,334,000,000","10,418,000,000","9,492,000,000","7,934,000,000","7,479,000,000","6,558,000,000","3,579,000,000","7,713,000,000","8,073,000,000","7,692,000,000","6,308,000,000","6,073,000,000","5,409,000,000","4,116,000,000","2,937,000,000","-8,148,000,000","-4,965,000,000","-564,000,000","6,020,000,000","3,758,000,000","5,491,000,000","5,258,000,000","4,789,000,000","6,555,000,000"
	NetIncome,"8,430,000,000","7,502,000,000","1,640,000,000","5,742,000,000","5,590,000,000","9,431,000,000","8,728,000,000","5,753,000,000","11,872,000,000","13,190,000,000","12,022,000,000","16,483,000,000","16,604,000,000","15,855,000,000","14,833,000,000","13,425,000,000","12,334,000,000","10,418,000,000","9,492,000,000","7,934,000,000","7,479,000,000","6,558,000,000","3,579,000,000","7,723,000,000","8,093,000,000","7,712,000,000","6,328,000,000","6,093,000,000","5,429,000,000","4,178,000,000","3,021,000,000","-7,987,000,000","-6,865,000,000","-564,000,000","6,020,000,000","3,758,000,000","5,491,000,000","5,258,000,000","4,789,000,000","6,555,000,000"
		NetIncomeIncludingNoncontrollingInterests,"8,430,000,000","7,502,000,000","1,640,000,000","5,742,000,000","5,590,000,000","9,431,000,000","8,728,000,000","5,753,000,000","11,872,000,000","13,190,000,000","12,022,000,000","16,483,000,000","16,604,000,000","15,855,000,000","14,833,000,000","13,425,000,000","12,334,000,000","10,418,000,000","9,492,000,000","7,934,000,000","7,479,000,000","6,558,000,000","3,579,000,000","7,723,000,000","8,093,000,000","7,712,000,000","6,328,000,000","6,093,000,000","5,429,000,000","4,178,000,000","3,021,000,000","-7,987,000,000","-6,865,000,000","-564,000,000","6,020,000,000","3,758,000,000","5,491,000,000","5,258,000,000","4,789,000,000","6,555,000,000"
			NetIncomeContinuousOperations,"8,404,000,000","7,514,000,000","1,783,000,000","4,712,000,000","3,932,000,000","7,146,000,000","8,723,000,000","5,758,000,000","11,881,000,000","13,364,000,000","15,751,000,000","16,881,000,000","16,999,000,000","15,855,000,000","14,833,000,000","13,425,000,000","12,334,000,000","10,418,000,000","9,416,000,000","7,994,000,000","7,497,000,000","6,588,000,000","5,334,000,000","8,146,000,000","8,093,000,000","7,712,000,000","6,328,000,000","6,093,000,000","5,429,000,000","4,178,000,000","3,021,000,000","-7,987,000,000","-6,865,000,000","-564,000,000","6,020,000,000","3,758,000,000","5,491,000,000","5,258,000,000","4,789,000,000","6,555,000,000"
			NetIncomeDiscontinuousOperations,"26,000,000","-12,000,000","-143,000,000","1,030,000,000","1,658,000,000","2,285,000,000","5,000,000","-5,000,000","-9,000,000","-174,000,000","-3,729,000,000","-398,000,000","-395,000,000",,,"0","0","0","76,000,000","-24,000,000","-18,000,000","-30,000,000","-1,755,000,000","-423,000,000",,,,,,,,,,,,,,,,
			NetIncomeExtraordinary,,,,,,,,,,,,,,,,,,,"0","-36,000,000","0","0",,,,,,,,,,"-114,000,000","1,900,000,000",,,,,,,
	PreferredStockDividends,,,,,,,,,,,,,,,,,,,,,,,,"10,000,000","20,000,000","20,000,000","20,000,000","20,000,000","20,000,000","62,000,000","84,000,000","47,000,000",,,,,,,,
	OtherunderPreferredStockDividend,,,,,,,,,,,,,,,,,,,,,,,,,,,,,,,,"114,000,000","-1,900,000,000",,,,,,,
AverageDilutionEarnings,,"0","0","0","-2,000,000","0","-6,000,000","-1,000,000","0","-1,000,000","-3,000,000","-1,000,000","-1,000,000",,,,,,,,,,,,,,,,,,,,,,,,,,,
DilutedNIAvailtoComStockholders,"8,430,000,000","7,502,000,000","1,639,000,000","5,743,000,000","5,590,000,000","9,431,000,000","8,722,000,000","5,752,000,000","11,872,000,000","13,189,000,000","12,020,000,000","16,483,000,000","16,603,000,000","15,855,000,000","14,833,000,000","13,425,000,000","12,334,000,000","10,418,000,000","9,492,000,000","7,934,000,000","7,479,000,000","6,558,000,000","3,579,000,000","7,713,000,000","8,073,000,000","7,692,000,000","6,308,000,000","6,073,000,000","5,409,000,000","4,116,000,000","2,937,000,000","-8,148,000,000","-4,965,000,000","-564,000,000","6,020,000,000","3,758,000,000","5,491,000,000","5,258,000,000","4,789,000,000","6,555,000,000"
BasicEPS,"9.21","8.23","1.82","6.41","6.28","10.63","9.57","6.17","12.43","13.48","11.97","15.06","14.53","13.25","11.69","10.12","9.02","7.27","6.2","4.96","4.47","3.81","2.1","3.74","4.58","4.25","3.38","3.09","2.56","1.805","1.255","-3.505","-2.175","-0.25","2.63","1.62","2.32","2.18","1.96","2.67"
DilutedEPS,"9.09","8.14","1.8","6.35","6.23","10.56","9.52","6.14","12.38","13.42","11.9","14.94","14.37","13.06","11.52","10.01","8.89","7.15","6.11","4.87","4.38","3.74","2.06","3.69","4.44","4.12","3.29","3","2.505","1.765","1.255","-3.555","-2.175","-0.25","2.63","1.62","2.32","2.18","1.96","2.67"
BasicAverageShares,"916,231,192","911,210,319","902,700,000","896,000,000","890,300,000","887,200,000","912,000,000","932,800,000","955,400,000","978,700,000","1,004,300,000","1,094,500,000","1,142,500,000","1,197,000,000","1,268,800,000","1,327,200,000","1,369,367,069","1,433,935,221","1,530,806,987","1,600,591,264","1,674,959,086","1,721,588,628","1,703,244,345","2,062,299,465","1,763,037,049","1,808,538,346","1,869,005,570","1,966,572,722","2,113,408,376","2,277,536,116","2,339,834,796","2,292,956,960","2,283,585,956","2,256,000,000","2,288,973,384","2,319,753,086","2,366,810,345","2,411,926,606","2,443,367,347","2,455,056,180"
DilutedAverageShares,"929,706,611","922,073,828","912,300,000","904,600,000","896,600,000","892,800,000","916,300,000","937,400,000","958,700,000","982,700,000","1,010,000,000","1,103,000,000","1,155,400,000","1,213,800,000","1,287,400,000","1,341,400,000","1,387,797,198","1,456,880,751","1,553,535,384","1,627,632,662","1,707,231,708","1,752,847,742","1,730,941,054","2,090,243,902","1,812,118,422","1,871,073,912","1,920,130,470","2,021,869,884","2,159,417,808","2,292,956,960","2,339,834,796","2,292,956,960","2,283,585,956","2,256,000,000","2,288,973,384","2,319,753,086","2,366,810,345","2,411,926,606","2,443,367,347","2,455,056,180"
TotalExpenses,"52,731,000,000","52,486,000,000","52,375,000,000","50,486,000,000","50,517,000,000","50,176,000,000","66,374,000,000","66,000,000,000","66,280,000,000","65,820,000,000","73,927,000,000","77,898,000,000","80,668,000,000","85,434,000,000","80,527,000,000","78,746,000,000","87,691,000,000","85,270,000,000","79,495,000,000","81,758,000,000","86,677,000,000","80,499,000,000","74,390,000,000","73,212,000,000","76,762,000,000","75,621,000,000","72,503,000,000","69,410,000,000","67,351,000,000","64,349,000,000","57,663,000,000","62,408,000,000","61,117,000,000","63,850,000,000","57,986,000,000","55,817,000,000","50,935,000,000","46,475,000,000","43,391,000,000","38,826,000,000"
NetIncomeFromContinuingAndDiscontinuedOperation,"8,430,000,000","7,502,000,000","1,640,000,000","5,742,000,000","5,590,000,000","9,431,000,000","8,728,000,000","5,753,000,000","11,872,000,000","13,190,000,000","12,022,000,000","16,483,000,000","16,604,000,000","15,855,000,000","14,833,000,000","13,425,000,000","12,334,000,000","10,418,000,000","9,492,000,000","7,970,000,000","7,479,000,000","6,558,000,000","3,579,000,000","7,723,000,000","8,093,000,000","7,712,000,000","6,328,000,000","6,093,000,000","5,429,000,000","4,178,000,000","3,021,000,000","-7,987,000,000","-6,865,000,000","-564,000,000","6,020,000,000","3,758,000,000","5,491,000,000","5,258,000,000","4,789,000,000","6,555,000,000"
NormalizedIncome,"8,587,616,806.723","7,558,980,000","1,655,810,000","4,583,383,915.65","3,932,000,000","7,146,000,000","8,723,000,000","5,758,000,000","12,125,856,000","13,697,576,168.078","16,037,044,000","16,908,522,000","16,868,558,000","16,052,055,000","14,934,520,000","12,363,612,305.657","11,517,882,500.748","9,279,059,286.355","8,238,027,784.035","5,986,672,991.984","6,659,393,476.427","5,937,385,154.508","4,715,102,870.813","6,844,774,323.144","7,660,072,914.86","7,346,636,046.611","5,915,700,000","5,649,541,375.872","3,833,871,666.473","4,178,000,000","3,021,000,000","134,372,627.032","1,991,960,447.596","-925,200,000","5,723,000,000","3,321,200,000","4,885,549,319.163","4,432,257,637.356","4,186,000,000","6,055,800,000"
InterestIncome,"726,000,000","670,000,000","162,000,000","52,000,000","105,000,000","349,000,000","264,000,000","144,000,000","108,000,000","108,000,000","90,000,000","74,000,000","109,000,000","136,000,000","92,000,000","94,000,000","343,000,000",,,,,,,,,,"589,000,000","657,000,000","707,000,000","947,000,000","1,377,000,000","1,113,000,000","573,000,000",,,,,,,
InterestExpense,"1,676,000,000","1,607,000,000","1,216,000,000","1,155,000,000","1,288,000,000","1,344,000,000","723,000,000","615,000,000","630,000,000","468,000,000","484,000,000","402,000,000","459,000,000","411,000,000","368,000,000","402,000,000","673,000,000","611,000,000","278,000,000","220,000,000","139,000,000","145,000,000","145,000,000",,"717,000,000","727,000,000","713,000,000","728,000,000","716,000,000","725,000,000","1,227,000,000","1,273,000,000","1,360,000,000",,,,,,,
NetInterestIncome,"-950,000,000","-937,000,000","-1,054,000,000","-1,103,000,000","-1,288,000,000","-1,344,000,000","-723,000,000","-615,000,000","-522,000,000","-360,000,000","-394,000,000","-328,000,000","-350,000,000","-275,000,000","-276,000,000","-308,000,000","-330,000,000","-611,000,000","-278,000,000","-220,000,000","-139,000,000","-145,000,000","-145,000,000",,"-717,000,000","-727,000,000","-713,000,000","-728,000,000","-9,000,000","222,000,000","150,000,000","-160,000,000","-787,000,000",,,,,,,
EBIT,"10,601,000,000","10,297,000,000","2,372,000,000","5,992,000,000","3,860,000,000","8,550,000,000","12,065,000,000","12,015,000,000","12,960,000,000","16,413,000,000","20,470,000,000","20,646,000,000","22,999,000,000","21,414,000,000","20,091,000,000","18,540,000,000","17,388,000,000","15,100,000,000","13,595,000,000","12,446,000,000","10,808,000,000","9,562,000,000","7,669,000,000","9,855,000,000","12,251,000,000","12,484,000,000","9,753,000,000","9,755,000,000","9,303,000,000","8,538,000,000","6,382,000,000","-7,524,000,000","-7,666,000,000","942,000,000","11,032,000,000","6,893,000,000","8,746,000,000","7,742,000,000","7,859,000,000","11,230,000,000"
EBITDA,"15,132,000,000","14,693,000,000","7,174,000,000","12,409,000,000","10,555,000,000","14,609,000,000","16,545,000,000","16,556,000,000","17,341,000,000","20,268,000,000","24,962,000,000","25,324,000,000","27,675,000,000","26,229,000,000","24,922,000,000","23,534,000,000","22,838,000,000","20,301,000,000","18,578,000,000","17,634,000,000","15,723,000,000","14,478,000,000","12,162,000,000","14,361,000,000","17,246,000,000","19,069,000,000","14,745,000,000","14,756,000,000","14,315,000,000","14,140,000,000","12,677,000,000","-863,000,000","-1,407,000,000","6,092,000,000","15,249,000,000","11,133,000,000","12,617,000,000","11,269,000,000","11,175,000,000","14,124,000,000"
ReconciledCostOfRevenue,"23,890,000,000","24,159,000,000","24,102,000,000","25,865,000,000","24,314,000,000","26,181,000,000","42,655,000,000","42,196,000,000","37,525,000,000","37,506,000,000","42,268,000,000","45,375,000,000","48,165,000,000","52,252,000,000","49,279,000,000","47,264,000,000","52,825,000,000","57,057,000,000","53,129,000,000","54,602,000,000","60,724,000,000","56,584,000,000","50,902,000,000","51,178,000,000","55,972,000,000","55,619,000,000","50,795,000,000","47,899,000,000","45,408,000,000","41,573,000,000","37,384,000,000","38,568,000,000","35,069,000,000","27,324,000,000","26,506,000,000","23,461,000,000","21,777,000,000","21,083,000,000","19,390,000,000","18,209,000,000"
ReconciledDepreciation,"4,531,000,000","4,396,000,000","4,802,000,000","6,417,000,000","6,695,000,000","6,059,000,000","4,480,000,000","4,541,000,000","4,381,000,000","3,855,000,000","4,492,000,000","4,678,000,000","4,676,000,000","4,815,000,000","4,831,000,000","4,994,000,000","5,450,000,000","5,201,000,000","4,983,000,000","5,188,000,000","4,915,000,000","4,916,000,000","4,493,000,000","4,506,000,000","4,995,000,000","6,585,000,000","4,992,000,000","5,001,000,000","5,012,000,000","5,602,000,000","6,295,000,000","6,661,000,000","6,259,000,000","5,150,000,000","4,217,000,000","4,240,000,000","3,871,000,000","3,527,000,000","3,316,000,000","2,894,000,000"
NetIncomeFromContinuingOperationNetMinorityInterest,"8,404,000,000","7,514,000,000","1,783,000,000","4,712,000,000","3,932,000,000","7,146,000,000","8,723,000,000","5,758,000,000","11,881,000,000","13,364,000,000","15,751,000,000","16,881,000,000","16,999,000,000","15,855,000,000","14,833,000,000","13,425,000,000","12,334,000,000","10,418,000,000","9,416,000,000","7,994,000,000","7,497,000,000","6,588,000,000","5,334,000,000","8,146,000,000","8,093,000,000","7,712,000,000","6,328,000,000","6,093,000,000","5,429,000,000","4,178,000,000","3,021,000,000","-7,987,000,000","-6,865,000,000","-564,000,000","6,020,000,000","3,758,000,000","5,491,000,000","5,258,000,000","4,789,000,000","6,555,000,000"
TotalUnusualItemsExcludingGoodwill,"-195,000,000","-52,000,000","161,000,000","132,000,000","-100,000,000","207,000,000","27,000,000","-99,000,000","-254,000,000","-398,000,000","-363,000,000","-33,000,000","173,000,000","-261,000,000","-135,000,000","1,434,000,000","1,106,000,000","1,584,000,000","1,666,000,000","3,070,000,000","1,192,000,000","930,000,000","873,000,000","1,829,000,000","617,000,000","557,000,000","589,000,000","657,000,000","2,523,000,000","0","0","-8,945,000,000","-11,645,000,000","602,000,000","495,000,000","728,000,000","996,000,000","1,352,000,000","1,005,000,000","832,000,000"
TotalUnusualItems,"-195,000,000","-52,000,000","161,000,000","132,000,000","-100,000,000","207,000,000","27,000,000","-99,000,000","-254,000,000","-398,000,000","-363,000,000","-33,000,000","173,000,000","-261,000,000","-135,000,000","1,434,000,000","1,106,000,000","1,584,000,000","1,666,000,000","3,070,000,000","1,192,000,000","930,000,000","873,000,000","1,829,000,000","617,000,000","557,000,000","589,000,000","657,000,000","2,523,000,000","0","0","-8,945,000,000","-11,645,000,000","602,000,000","495,000,000","728,000,000","996,000,000","1,352,000,000","1,005,000,000","832,000,000"
NormalizedEBITDA,"15,327,000,000","14,745,000,000","7,013,000,000","12,277,000,000","10,555,000,000","14,609,000,000","16,545,000,000","16,556,000,000","17,595,000,000","20,666,000,000","25,325,000,000","25,357,000,000","27,502,000,000","26,490,000,000","25,057,000,000","22,100,000,000","21,732,000,000","18,717,000,000","16,912,000,000","14,564,000,000","14,531,000,000","13,548,000,000","11,289,000,000","12,532,000,000","16,629,000,000","18,512,000,000","14,156,000,000","14,099,000,000","11,792,000,000","14,140,000,000","12,677,000,000","8,082,000,000","10,238,000,000","5,490,000,000","14,754,000,000","10,405,000,000","11,621,000,000","9,917,000,000","10,170,000,000","13,292,000,000"
TaxRateForCalcs,"0.058","0.135","0.21","0.026","0.27","0.008","0.231","0.4","0.036","0.162","0.212","0.166","0.246","0.245","0.248","0.26","0.262","0.281","0.293","0.346","0.297","0.3","0.291","0.289","0.298","0.344","0.3","0.325","0.368","0.4","0.4","0.092","0.239","0.4","0.4","0.4","0.392","0.389","0.4","0.4"
TaxEffectOfUnusualItems,"-11,383,193.277","-7,020,000","33,810,000","3,383,915.65","0","0","0","0","-9,144,000","-64,423,831.922","-76,956,000","-5,478,000","42,558,000","-63,945,000","-33,480,000","372,612,305.657","289,882,500.748","445,059,286.355","488,027,784.035","1,062,672,991.984","354,393,476.427","279,385,154.508","254,102,870.813","527,774,323.144","184,072,914.86","191,636,046.611","176,700,000","213,541,375.872","927,871,666.473","0","0","-823,627,372.968","-2,788,039,552.404","240,800,000","198,000,000","291,200,000","390,549,319.163","526,257,637.356","402,000,000","332,800,000"