name,ttm,07/31/2024,07/31/2023,07/31/2022,07/31/2021,07/31/2020,07/31/2019,07/31/2018,07/31/2017,07/31/2016,07/31/2015,07/31/2014,07/31/2013,07/31/2012,07/31/2011,07/31/2010,07/31/2009,07/31/2008,07/31/2007,07/31/2006,07/31/2005,07/31/2004,07/31/2003,07/31/2002,07/31/2001,07/31/2000,07/31/1999,07/31/1998,07/31/1997,07/31/1996,07/31/1995,07/31/1994,09/30/1993
TotalRevenue,"16,285,000,000","16,285,000,000","14,368,000,000","12,726,000,000","9,633,000,000","7,679,000,000","6,784,000,000","6,025,000,000","5,196,000,000","4,694,000,000","4,192,000,000","4,243,000,000","3,946,000,000","3,808,000,000","3,449,000,000","3,403,000,000","3,109,000,000","2,993,000,000","2,672,947,000","2,293,010,000","1,993,103,000","1,802,224,000","1,597,071,000","1,312,228,000","1,261,461,000","1,093,825,000","847,600,000","592,700,000","598,900,000","538,600,000","395,700,000","194,100,000","121,400,000"
	OperatingRevenue,"16,285,000,000","16,285,000,000","14,368,000,000","12,726,000,000","9,633,000,000","7,679,000,000","6,784,000,000","6,025,000,000","5,196,000,000","4,694,000,000","4,192,000,000","4,243,000,000","3,946,000,000","3,808,000,000","3,449,000,000","3,403,000,000","3,109,000,000","2,993,000,000","2,672,947,000","2,293,010,000","1,993,103,000","1,802,224,000","1,597,071,000","1,312,228,000","1,261,461,000","1,093,825,000","847,600,000","592,700,000","598,900,000","538,600,000","395,700,000","194,100,000","121,400,000"
CostOfRevenue,"3,465,000,000","3,465,000,000","3,143,000,000","2,406,000,000","1,683,000,000","1,378,000,000","1,167,000,000","978,000,000","810,000,000","752,000,000","725,000,000","621,000,000","540,000,000","585,000,000","490,000,000","634,000,000","637,000,000","590,000,000","509,446,000","407,322,000","359,724,000","353,031,000","337,048,000","289,373,000","312,040,000","77,979,000","160,800,000","94,400,000","226,400,000","109,300,000","93,100,000","51,000,000","35,600,000"
GrossProfit,"12,820,000,000","12,820,000,000","11,225,000,000","10,320,000,000","7,950,000,000","6,301,000,000","5,617,000,000","5,047,000,000","4,386,000,000","3,942,000,000","3,467,000,000","3,622,000,000","3,406,000,000","3,223,000,000","2,959,000,000","2,769,000,000","2,472,000,000","2,403,000,000","2,163,501,000","1,885,688,000","1,633,379,000","1,449,193,000","1,260,023,000","1,022,855,000","949,421,000","1,015,846,000","686,800,000","498,300,000","372,500,000","429,300,000","302,600,000","143,100,000","85,800,000"
OperatingExpense,"8,943,000,000","8,943,000,000","8,072,000,000","7,761,000,000","5,422,000,000","4,120,000,000","3,760,000,000","3,480,000,000","2,961,000,000","2,700,000,000","2,578,000,000","2,316,000,000","2,191,000,000","2,055,000,000","1,871,000,000","1,861,000,000","1,789,000,000","1,759,000,000","1,505,967,000","1,310,616,000","1,091,992,000","1,006,275,000","887,621,000","810,809,000","744,521,000","869,949,000","666,900,000","481,000,000","362,200,000","435,200,000","316,300,000","320,200,000","72,600,000"
	SellingGeneralAndAdministration,"5,706,000,000","5,706,000,000","5,050,000,000","4,998,000,000","3,598,000,000","2,722,000,000","2,521,000,000","2,288,000,000","1,961,000,000","1,807,000,000","1,768,000,000","1,595,000,000","1,527,000,000","1,414,000,000","1,294,000,000","1,255,000,000","1,191,000,000","1,131,000,000","1,033,451,000","924,821,000","799,386,000","720,040,000","625,589,000","537,672,000","522,487,000","487,662,000","382,200,000","319,200,000","199,500,000","366,800,000","198,900,000","281,700,000","69,000,000"
		GeneralAndAdministrativeExpense,"1,394,000,000","1,394,000,000","1,288,000,000","1,472,000,000","954,000,000","674,000,000","594,000,000","657,000,000","546,000,000","518,000,000","480,000,000","438,000,000","405,000,000","381,000,000","335,000,000","342,000,000","284,000,000","290,000,000","291,083,000",,,,,,,,,,,,,,
			SalariesAndWages,"-24,000,000","-24,000,000","-12,000,000","12,000,000","-28,000,000","-5,000,000","-3,000,000","-7,000,000","-7,000,000","0","-3,000,000","-6,000,000","-7,000,000","0","-6,000,000","-4,000,000",,,,,,,,,,,,,,,,,
			OtherGandA,"1,418,000,000","1,418,000,000","1,300,000,000","1,460,000,000","982,000,000","679,000,000","597,000,000","664,000,000","553,000,000","518,000,000","483,000,000","444,000,000","412,000,000","381,000,000","341,000,000","346,000,000","284,000,000","290,000,000","291,083,000",,,,,,,,,,,,,,
		SellingAndMarketingExpense,"4,312,000,000","4,312,000,000","3,762,000,000","3,526,000,000","2,644,000,000","2,048,000,000","1,927,000,000","1,631,000,000","1,415,000,000","1,289,000,000","1,288,000,000","1,157,000,000","1,122,000,000","1,033,000,000","959,000,000","913,000,000","907,000,000","841,000,000","742,368,000",,,,,,,,,,,,,,
	ResearchAndDevelopment,"2,754,000,000","2,754,000,000","2,539,000,000","2,347,000,000","1,678,000,000","1,392,000,000","1,233,000,000","1,186,000,000","998,000,000","881,000,000","798,000,000","714,000,000","647,000,000","618,000,000","566,000,000","564,000,000","556,000,000","593,000,000","472,516,000","385,795,000","292,605,000","276,049,000","250,675,000","198,471,000","207,085,000","169,083,000","143,400,000","108,600,000","104,000,000",,"53,400,000",,
	DepreciationAmortizationDepletionIncomeStatement,"483,000,000","483,000,000","483,000,000","416,000,000","146,000,000","6,000,000","6,000,000","6,000,000","2,000,000","12,000,000","12,000,000","7,000,000","17,000,000","23,000,000","11,000,000","42,000,000","42,000,000","35,000,000",,"9,902,000","10,251,000","10,186,000","11,357,000","7,159,000","14,949,000","213,204,000","141,300,000","53,200,000","58,700,000","68,400,000","64,000,000","38,500,000","3,600,000"
		DepreciationAndAmortizationInIncomeStatement,"483,000,000","483,000,000","483,000,000","416,000,000","146,000,000","6,000,000","6,000,000","6,000,000","2,000,000","12,000,000","12,000,000","7,000,000","17,000,000","23,000,000","11,000,000","42,000,000","42,000,000","35,000,000",,"9,902,000","10,251,000","10,186,000","11,357,000","7,159,000","14,949,000","213,204,000","141,300,000","53,200,000","58,700,000","68,400,000","64,000,000","38,500,000","3,600,000"
			Amortization,"483,000,000","483,000,000","483,000,000","416,000,000","146,000,000","6,000,000","6,000,000","6,000,000","2,000,000","12,000,000","12,000,000","7,000,000","17,000,000","23,000,000","11,000,000","42,000,000","42,000,000","35,000,000",,"9,902,000","10,251,000","10,186,000","11,357,000","7,159,000","14,949,000",,,,,,,,
				AmortizationOfIntangiblesIncomeStatement,"483,000,000","483,000,000","483,000,000","416,000,000","146,000,000","6,000,000","6,000,000","6,000,000","2,000,000","12,000,000","12,000,000","7,000,000","17,000,000","23,000,000","11,000,000","42,000,000","42,000,000","35,000,000",,"9,902,000","10,251,000","10,186,000","11,357,000","7,159,000","14,949,000",,,,,,,,
	OtherOperatingExpenses,,,,,,,,,,,,,,,,,,"4,000,000",,,"1,000","679,000","-70,321,000","67,507,000",,,,,,,,,
OperatingIncome,"3,877,000,000","3,877,000,000","3,153,000,000","2,559,000,000","2,528,000,000","2,181,000,000","1,857,000,000","1,567,000,000","1,425,000,000","1,242,000,000","889,000,000","1,306,000,000","1,215,000,000","1,168,000,000","1,088,000,000","908,000,000","683,000,000","644,000,000","657,534,000","575,072,000","541,387,000","442,918,000","372,402,000","212,046,000","204,900,000","145,897,000","19,900,000","17,300,000","10,300,000","-5,900,000","-13,700,000","-177,100,000","13,200,000"
NetNonOperatingInterestIncomeExpense,"-104,000,000","-104,000,000","-164,000,000","-17,000,000","28,000,000","17,000,000","24,000,000","-1,000,000","-35,000,000","-39,000,000","-29,000,000","-27,000,000","-30,000,000","-40,000,000","-46,000,000","-53,000,000","-30,000,000","-13,000,000","17,909,000",,,,,,,,,,,,,,
	InterestIncomeNonOperating,"147,000,000","147,000,000","106,000,000","64,000,000","57,000,000","39,000,000","46,000,000","19,000,000","8,000,000","3,000,000","-2,000,000","4,000,000","0","10,000,000","14,000,000","8,000,000","21,000,000","39,000,000","45,000,000",,,,,,,,,,,,,,
	InterestExpenseNonOperating,"251,000,000","251,000,000","270,000,000","81,000,000","29,000,000","22,000,000","22,000,000","20,000,000","43,000,000","42,000,000","27,000,000","31,000,000","30,000,000","50,000,000","60,000,000","61,000,000","51,000,000","52,000,000","27,091,000",,,,,,,,,,,,,,
OtherIncomeExpense,"-223,000,000","-223,000,000",,"37,000,000","74,000,000","-3,000,000","-4,000,000","8,000,000","-5,000,000","-7,000,000","-148,000,000","21,000,000","4,000,000","10,000,000","-21,000,000","1,000,000","-40,067,000","59,000,000","20,969,000","-1,849,000","-7,461,000","-21,706,000","-22,870,000","-236,280,000","-361,808,000","318,370,000","579,200,000","-37,100,000","-600,000","7,600,000","-7,200,000","2,500,000","600,000"
	GainOnSaleOfSecurity,,,,,,,"3,000,000","7,000,000","7,000,000",,"3,000,000","21,000,000","7,000,000","10,000,000","-1,000,000","1,000,000","-1,000,000","1,000,000","1,468,000",,,,,,,,,,,,,,
	SpecialIncomeCharges,"-223,000,000","-223,000,000","0","0",,,,,"0","0","-148,000,000","0","0","0","-20,000,000","0","1,000,000","58,000,000","19,501,000","-1,849,000","-7,461,000","-21,706,000","-22,870,000","-236,280,000","-361,808,000","318,370,000","579,200,000","-37,100,000","-600,000","7,600,000","-7,200,000","2,500,000","600,000"
		RestructuringAndMergernAcquisition,"223,000,000","223,000,000","0","0",,,,,,,,,,,,,"42,122,000","35,518,000","19,964,000","9,478,000","12,686,000","23,435,000","33,782,000","159,395,000","248,202,000",,,,,,,,
		ImpairmentOfCapitalAssets,,,,,,,,,"0","0","148,000,000","0","0","0","30,000,000","0",,,,,,,,,,,,,,,,,
		OtherSpecialCharges,,,,,,,,,,,,,,,"-10,000,000","-3,000,000","-1,000,000","-58,000,000","-39,465,000","-7,629,000","-5,225,000","-1,729,000","-10,912,000","76,885,000","113,606,000",,,,,,,,
	OtherNonOperatingIncomeExpenses,,,,"37,000,000","74,000,000","-3,000,000","-4,000,000","8,000,000","-5,000,000","-7,000,000","-7,000,000","4,000,000","4,000,000","1,000,000","10,000,000","3,000,000",,,,,,,,,,,,,,,,,
PretaxIncome,"3,550,000,000","3,550,000,000","2,989,000,000","2,542,000,000","2,556,000,000","2,198,000,000","1,881,000,000","1,566,000,000","1,390,000,000","1,203,000,000","712,000,000","1,300,000,000","1,185,000,000","1,138,000,000","1,042,000,000","856,000,000","653,000,000","690,000,000","696,412,000","616,246,000","560,534,000","451,612,000","387,964,000","70,549,000","-97,336,000","512,845,000","617,300,000","-19,900,000","9,800,000","1,800,000","-21,200,000","-174,500,000","13,700,000"
TaxProvision,"587,000,000","587,000,000","605,000,000","476,000,000","494,000,000","372,000,000","324,000,000","237,000,000","405,000,000","397,000,000","299,000,000","447,000,000","378,000,000","374,000,000","354,000,000","292,000,000","206,000,000","243,000,000","251,607,000","234,592,000","182,889,000","128,290,000","127,809,000","16,934,000","-229,000","207,184,000","240,800,000","-7,700,000","12,700,000","16,200,000","24,200,000","1,800,000","5,300,000"
NetIncomeCommonStockholders,"2,963,000,000","2,963,000,000","2,384,000,000","2,066,000,000","2,062,000,000","1,826,000,000","1,557,000,000","1,329,000,000","985,000,000","979,000,000","365,000,000","907,000,000","858,000,000","792,000,000","634,000,000","574,000,000","447,000,000","477,000,000","440,003,000","416,963,000","381,627,000","317,030,000","343,034,000","140,160,000","-82,793,000","305,661,000","376,500,000","-12,200,000","68,300,000","-20,700,000","-45,400,000","-176,300,000","8,400,000"
	NetIncome,"2,963,000,000","2,963,000,000","2,384,000,000","2,066,000,000","2,062,000,000","1,826,000,000","1,557,000,000","1,329,000,000","985,000,000","979,000,000","365,000,000","907,000,000","858,000,000","792,000,000","634,000,000","574,000,000","447,000,000","477,000,000","440,003,000","416,963,000","381,627,000","317,030,000","343,034,000","140,160,000","-82,793,000","305,661,000","376,500,000","-12,200,000","68,300,000","-20,700,000","-45,400,000","-176,300,000","8,400,000"
		NetIncomeIncludingNoncontrollingInterests,"2,963,000,000","2,963,000,000","2,384,000,000","2,066,000,000","2,062,000,000","1,826,000,000","1,557,000,000","1,329,000,000","985,000,000","979,000,000","365,000,000","907,000,000","858,000,000","792,000,000","634,000,000","574,000,000","447,000,000","477,000,000","440,003,000","417,654,000","381,529,000","317,030,000","343,034,000","140,160,000","-81,999,000","305,526,000","376,500,000","-12,200,000","68,300,000","-20,700,000","-45,400,000","-176,300,000","8,400,000"
			NetIncomeContinuousOperations,"2,963,000,000","2,963,000,000","2,384,000,000","2,066,000,000","2,062,000,000","1,826,000,000","1,557,000,000","1,329,000,000","985,000,000","806,000,000","413,000,000","853,000,000","807,000,000","764,000,000","688,000,000","564,000,000","447,000,000","447,000,000","443,468,000","380,963,000","377,743,000","323,322,000","260,155,000","53,615,000","-97,107,000","305,661,000","376,500,000","-12,200,000","-2,900,000","-14,400,000","-45,400,000","-176,300,000","8,400,000"
			NetIncomeDiscontinuousOperations,,,,,,,,"0","0","173,000,000","-48,000,000","54,000,000","51,000,000","28,000,000","-54,000,000","10,000,000","0","30,000,000","-3,465,000","36,000,000","3,884,000","-6,292,000","82,879,000","86,545,000",,,,,"71,200,000","-6,300,000",,,
			NetIncomeExtraordinary,,,,,,,,,,,,,,,,,,,,,,,,,"14,314,000",,,,,,,,
		MinorityInterests,,,,,,,,,,,,,,,,,,"-1,656,000","-1,337,000","-691,000","98,000",,,,"-794,000","135,000",,,,,,,
DilutedNIAvailtoComStockholders,"2,963,000,000","2,963,000,000","2,384,000,000","2,066,000,000","2,062,000,000","1,826,000,000","1,557,000,000","1,329,000,000","985,000,000","979,000,000","365,000,000","907,000,000","858,000,000","792,000,000","634,000,000","574,000,000","447,000,000","477,000,000","440,003,000","416,963,000","381,627,000","317,030,000","343,034,000","140,160,000","-82,793,000","305,661,000","376,500,000","-12,200,000","68,300,000","-20,700,000","-45,400,000","-176,300,000","8,400,000"
BasicEPS,"10.58","10.58","8.49","7.38","7.65","6.99","5.99","4.72","3.78","3.73","1.3","3.15","2.89","2.67","2.07","1.82","1.39","1.45","1.28","1.2","1.03","0.81","0.84","0.33","-0.2","0.76","1.01","0.02","0.245","-0.077","-0.185","-0.895","0.06"
DilutedEPS,"10.43","10.43","8.42","7.28","7.56","6.92","5.89","4.64","3.72","3.69","1.28","3.09","2.83","2.6","2","1.77","1.35","1.41","1.24","1.16","1.01","0.79","0.81","0.32","-0.2","0.725","0.965","0.02","0.245","-0.077","-0.185","-0.895","0.06"
BasicAverageShares,"280,000,000","280,000,000","281,000,000","280,000,000","270,000,000","261,000,000","260,000,000","256,000,000","257,000,000","262,000,000","281,000,000","285,000,000","297,000,000","296,000,000","307,000,000","316,000,000","322,280,000","329,000,000","342,637,000","347,854,000","369,202,000","390,910,000","408,373,810","424,727,273","413,965,000","401,540,000","381,854,000","314,294,000","278,775,510","270,894,000","245,405,405","196,983,240","140,000,000"
DilutedAverageShares,"284,000,000","284,000,000","283,000,000","284,000,000","273,000,000","264,000,000","264,000,000","261,000,000","261,000,000","265,000,000","286,000,000","291,000,000","303,000,000","305,000,000","317,000,000","325,000,000","330,190,000","339,000,000","355,815,000","360,471,000","376,796,000","400,162,000","423,498,765","438,000,000","413,965,000","422,542,000","399,632,000","327,782,000","278,775,510","270,894,000","245,405,405","196,983,240","140,000,000"
TotalOperatingIncomeAsReported,"3,630,000,000","3,630,000,000","3,141,000,000","2,571,000,000","2,500,000,000","2,176,000,000","1,854,000,000","1,560,000,000","1,418,000,000","1,242,000,000","738,000,000","1,300,000,000","1,208,000,000","1,168,000,000","1,082,000,000","904,000,000","683,000,000","644,000,000","637,570,000","565,594,000","528,701,000","419,483,000","338,620,000","50,500,000","-43,540,000","145,897,000","19,900,000","17,300,000","10,300,000","-5,900,000","-13,700,000","-177,100,000","13,200,000"
TotalExpenses,"12,408,000,000","12,408,000,000","11,215,000,000","10,167,000,000","7,105,000,000","5,498,000,000","4,927,000,000","4,458,000,000","3,771,000,000","3,452,000,000","3,303,000,000","2,937,000,000","2,731,000,000","2,640,000,000","2,361,000,000","2,495,000,000","2,426,000,000","2,349,000,000","2,015,413,000","1,717,938,000","1,451,716,000","1,359,306,000","1,224,669,000","1,100,182,000","1,056,561,000","947,928,000","827,700,000","575,400,000","588,600,000","544,500,000","409,400,000","371,200,000","108,200,000"
NetIncomeFromContinuingAndDiscontinuedOperation,"2,963,000,000","2,963,000,000","2,384,000,000","2,066,000,000","2,062,000,000","1,826,000,000","1,557,000,000","1,329,000,000","985,000,000","979,000,000","365,000,000","907,000,000","858,000,000","792,000,000","634,000,000","574,000,000","447,000,000","477,000,000","440,003,000","416,963,000","381,627,000","317,030,000","343,034,000","140,160,000","-97,107,000","305,661,000","376,500,000","-12,200,000","68,300,000","-20,700,000","-45,400,000","-176,300,000","8,400,000"
NormalizedIncome,"3,149,126,478.873","3,149,126,478.873","2,384,000,000","2,066,000,000","2,062,000,000","1,826,000,000","1,557,000,000","1,329,000,000","985,000,000","806,000,000","501,800,000","839,140,000","807,000,000","757,300,000","688,000,000","563,340,000","447,000,000","408,778,260.87","430,074,899.3","382,108,124.262","382,769,651.987","338,861,948.744","275,490,816.854","233,180,297.878","263,849,783.266","114,639,000","23,237,728.819","10,544,723.618","-2,540,000","-18,960,000","-41,080,000","-177,800,000","8,032,116.788"
InterestIncome,"147,000,000","147,000,000","106,000,000","64,000,000","57,000,000","39,000,000","46,000,000","19,000,000","8,000,000","3,000,000","-2,000,000","4,000,000","0","10,000,000","14,000,000","8,000,000","21,000,000","39,000,000","45,000,000",,,,,,,,,,,,,,
InterestExpense,"251,000,000","251,000,000","270,000,000","81,000,000","29,000,000","22,000,000","22,000,000","20,000,000","43,000,000","42,000,000","27,000,000","31,000,000","30,000,000","50,000,000","60,000,000","61,000,000","51,000,000","52,000,000","27,091,000",,,,,,,,,,,,,,
NetInterestIncome,"-104,000,000","-104,000,000","-164,000,000","-17,000,000","28,000,000","17,000,000","24,000,000","-1,000,000","-35,000,000","-39,000,000","-29,000,000","-27,000,000","-30,000,000","-40,000,000","-46,000,000","-53,000,000","-30,000,000","-13,000,000","17,909,000",,,,,,,,,,,,,,
EBIT,"3,801,000,000","3,801,000,000","3,259,000,000","2,623,000,000","2,585,000,000","2,220,000,000","1,903,000,000","1,586,000,000","1,433,000,000","1,245,000,000","739,000,000","1,331,000,000","1,215,000,000","1,188,000,000","1,102,000,000","917,000,000","704,000,000","742,000,000","723,503,000","575,072,000","541,387,000","442,918,000","372,402,000","212,046,000","204,900,000","145,897,000","19,900,000","17,300,000","10,300,000","-5,900,000","-13,700,000","-177,100,000","13,200,000"
EBITDA,"4,590,000,000","4,590,000,000","4,065,000,000","3,369,000,000","2,948,000,000","2,438,000,000","2,128,000,000","1,839,000,000","1,669,000,000","1,483,000,000","970,000,000","1,528,000,000","1,447,000,000","1,430,000,000","1,343,000,000","1,173,000,000","979,000,000","959,000,000","882,031,000","692,080,000","670,364,000","555,028,000","470,499,000","289,908,000","530,524,000","359,101,000","161,200,000","70,500,000","69,000,000","62,500,000","50,300,000","-138,600,000","16,800,000"
ReconciledCostOfRevenue,"3,159,000,000","3,159,000,000","2,820,000,000","2,076,000,000","1,466,000,000","1,166,000,000","948,000,000","731,000,000","576,000,000","526,000,000","506,000,000","431,000,000","325,000,000","366,000,000","260,000,000","420,000,000","404,000,000","408,000,000","509,446,000","407,322,000","359,724,000","251,107,000","250,308,000","218,670,000","1,365,000","77,979,000","160,800,000","94,400,000","226,400,000","109,300,000","93,100,000","51,000,000","35,600,000"
ReconciledDepreciation,"789,000,000","789,000,000","806,000,000","746,000,000","363,000,000","218,000,000","225,000,000","253,000,000","236,000,000","238,000,000","231,000,000","197,000,000","232,000,000","242,000,000","241,000,000","256,000,000","275,000,000","217,000,000","158,528,000","117,008,000","128,977,000","112,110,000","98,097,000","77,862,000","325,624,000","213,204,000","141,300,000","53,200,000","58,700,000","68,400,000","64,000,000","38,500,000","3,600,000"
NetIncomeFromContinuingOperationNetMinorityInterest,"2,963,000,000","2,963,000,000","2,384,000,000","2,066,000,000","2,062,000,000","1,826,000,000","1,557,000,000","1,329,000,000","985,000,000","806,000,000","413,000,000","853,000,000","807,000,000","764,000,000","688,000,000","564,000,000","447,000,000","447,000,000","443,468,000","380,963,000","377,743,000","323,322,000","260,155,000","53,615,000","-97,107,000","305,661,000","376,500,000","-12,200,000","-2,900,000","-14,400,000","-45,400,000","-176,300,000","8,400,000"
TotalUnusualItemsExcludingGoodwill,"-223,000,000","-223,000,000","0","0",,,"3,000,000","7,000,000","0","0","-148,000,000","21,000,000","0","10,000,000","-21,000,000","1,000,000","0","59,000,000","20,969,000","-1,849,000","-7,461,000","-21,706,000","-22,870,000","-236,280,000","-361,808,000","318,370,000","579,200,000","-37,100,000","-600,000","7,600,000","-7,200,000","2,500,000","600,000"
TotalUnusualItems,"-223,000,000","-223,000,000","0","0",,,"3,000,000","7,000,000","0","0","-148,000,000","21,000,000","0","10,000,000","-21,000,000","1,000,000","0","59,000,000","20,969,000","-1,849,000","-7,461,000","-21,706,000","-22,870,000","-236,280,000","-361,808,000","318,370,000","579,200,000","-37,100,000","-600,000","7,600,000","-7,200,000","2,500,000","600,000"
NormalizedEBITDA,"4,813,000,000","4,813,000,000","4,065,000,000","3,369,000,000","2,948,000,000","2,438,000,000","2,128,000,000","1,839,000,000","1,669,000,000","1,483,000,000","1,118,000,000","1,507,000,000","1,447,000,000","1,420,000,000","1,343,000,000","1,172,000,000","979,000,000","900,000,000","861,062,000","693,929,000","677,825,000","576,734,000","493,369,000","526,188,000","892,332,000","40,731,000","-418,000,000","107,600,000","69,600,000","54,900,000","57,500,000","-141,100,000","16,200,000"
TaxRateForCalcs,"0.165","0.165","0.202","0.187","0.193","0.169","0.17","0.151","0.29","0.33","0.4","0.34","0.32","0.33","0.34","0.34","0.315","0.352","0.361","0.381","0.326","0.284","0.329","0.24","0.002","0.4","0.39","0.387","0.4","0.4","0.4","0.4","0.387"
TaxEffectOfUnusualItems,"-36,873,521.127","-36,873,521.127","0","0","0","0","0","0","0","0","-59,200,000","7,140,000","0","3,300,000","0","340,000","0","20,778,260.87","7,575,899.3","-703,875.738","-2,434,348.013","-6,166,051.256","-7,534,183.146","-56,714,702.122","-851,216.734","127,348,000","225,937,728.819","-14,355,276.382","-240,000","3,040,000","-2,880,000","1,000,000","232,116.788"