name,ttm,12/31/2023,12/31/2022,12/31/2021,12/31/2020,12/31/2019,12/31/2018,12/31/2017,12/31/2016,12/31/2015,12/31/2014,12/31/2013,12/31/2012,12/31/2011,12/31/2010,12/31/2009,12/31/2008,12/31/2007,12/31/2006,12/31/2005,12/31/2004,12/31/2003,12/31/2002,12/31/2001,12/31/2000,12/31/1999,12/31/1998,12/31/1997
TotalRevenue,"2,245,747,028,000","2,161,735,800,000","2,263,891,300,000","1,587,415,000,000","1,339,254,800,000","1,069,985,400,000","1,031,361,800,000","977,442,600,000","947,909,200,000","843,512,500,000","762,835,000,000","597,003,300,000","506,720,300,000","427,006,600,000","419,537,900,000","295,742,200,000","333,157,700,000","322,663,281,770","317,345,022,830","267,362,810,860","257,622,812,160","202,648,572,480","162,573,919,140","130,207,396,372.24","166,197,601,933.44","76,314,913,474.67","50,339,078,125","44,053,071,457.92"
	OperatingRevenue,"2,235,249,866,000","2,161,735,800,000","2,263,891,300,000","1,587,415,000,000","1,339,254,800,000","1,069,985,400,000","1,031,361,800,000","977,442,600,000","947,909,200,000","843,012,700,000","762,205,400,000","596,496,100,000","506,223,600,000","427,006,600,000","419,537,900,000","295,742,200,000","333,157,700,000","322,663,281,770","317,345,022,830","267,362,810,860","257,622,812,160","202,648,572,480","162,573,919,140","130,207,396,372.24","166,197,601,933.44","76,314,913,474.67","50,339,078,125","44,053,071,457.92"
CostOfRevenue,"1,042,631,551,000","986,625,200,000","915,536,500,000","767,877,700,000","628,124,700,000","577,283,500,000","533,487,500,000","482,616,200,000","473,077,100,000","433,117,600,000","385,113,000,000","315,642,500,000","262,592,500,000","232,937,400,000","212,484,300,000","166,413,600,000","191,408,100,000","180,287,987,070","161,588,866,230","148,806,170,595","141,616,476,960","127,911,724,620","110,191,308,480","99,823,091,297.6","89,681,747,433.62","46,243,338,746.27","31,028,202,331","22,907,206,460.32"
GrossProfit,"1,203,115,477,000","1,175,110,600,000","1,348,354,800,000","819,537,300,000","711,130,100,000","492,701,900,000","497,874,300,000","494,826,400,000","474,832,100,000","410,394,900,000","377,722,000,000","281,360,800,000","244,127,800,000","194,069,200,000","207,053,600,000","129,328,600,000","141,749,600,000","142,375,294,700","155,756,156,600","118,556,640,265","116,006,335,200","74,736,847,860","52,382,610,660","30,384,305,074.64","76,515,854,499.82","30,071,574,728.4","19,310,875,794","21,145,864,997.6"
OperatingExpense,"263,879,637,000","253,654,500,000","227,076,800,000","169,557,700,000","144,345,500,000","120,007,700,000","114,248,800,000","108,169,300,000","96,920,800,000","88,665,000,000","80,890,800,000","71,340,700,000","62,522,100,000","52,511,800,000","47,878,300,000","37,366,700,000","37,314,200,000","30,615,553,120","28,544,433,720","27,315,793,710","27,385,102,080","23,565,366,840","20,765,218,170","22,421,891,340.64","15,221,124,549.24","7,798,682,104.54","5,528,438,916","6,174,495,231.52"
	SellingGeneralAndAdministration,"74,559,537,000","71,463,500,000","63,445,300,000","44,488,200,000","35,570,400,000","28,085,800,000","26,253,700,000","27,169,200,000","25,696,400,000","22,921,900,000","24,020,800,000","23,387,000,000","22,129,200,000","18,681,900,000","18,171,600,000","15,773,300,000","15,833,300,000","12,680,806,430","12,480,043,510","13,257,357,555","14,833,596,960","10,865,875,200","9,008,695,990","10,865,316,249.92","10,089,668,026.64","4,707,532,650.49","2,287,407,710","3,661,975,184"
		GeneralAndAdministrativeExpense,"63,533,938,000","60,872,800,000","53,524,800,000","36,929,600,000","28,457,600,000","21,737,200,000","20,265,900,000","21,196,700,000","19,795,600,000","17,257,200,000","18,933,400,000","18,881,800,000","17,633,000,000","14,164,100,000","12,804,000,000","11,285,500,000","11,096,600,000",,,,,,,,,,,
			OtherGandA,"63,533,938,000","60,872,800,000","53,524,800,000","36,929,600,000","28,457,600,000","21,737,200,000","20,265,900,000","21,196,700,000","19,795,600,000","17,257,200,000","18,933,400,000","18,881,800,000","17,633,000,000","14,164,100,000","12,804,000,000","11,285,500,000","11,096,600,000",,,,,,,,,,,
		SellingAndMarketingExpense,"11,025,599,000","10,590,700,000","9,920,500,000","7,558,600,000","7,112,800,000","6,348,600,000","5,987,800,000","5,972,500,000","5,900,800,000","5,664,700,000","5,087,400,000","4,505,200,000","4,496,200,000","4,517,800,000","5,367,600,000","4,487,800,000","4,736,700,000",,,,,,,,,,,
	ResearchAndDevelopment,"189,322,100,000","182,370,200,000","163,262,200,000","124,734,800,000","109,486,000,000","91,418,700,000","85,895,600,000","80,732,500,000","71,207,700,000","65,544,600,000","56,828,800,000","47,952,000,000","40,387,100,000","33,829,900,000","29,706,700,000","21,593,400,000","21,480,900,000","17,934,746,690","16,064,390,210","14,058,436,155","12,551,505,120","12,699,491,640","11,756,522,180","11,280,351,274.72","5,131,489,635.18","3,091,180,806.04","3,241,031,206","2,512,520,047.52"
	DepreciationAmortizationDepletionIncomeStatement,,,,,,,,,,,"24,900,000","25,100,000","6,700,000",,,,,,,,,"169,779,300","34,782,610",,,,,
		DepreciationAndAmortizationInIncomeStatement,,,,,,,,,,,"24,900,000","25,100,000","6,700,000",,,,,,,,,"169,779,300","34,782,610",,,,,
			DepreciationIncomeStatement,,,,,,,,,,,"24,900,000","25,100,000","6,700,000",,,,,,,,,,,,,,,
			Amortization,,,,,,,,,,,,,,,,,,,,,,"169,779,300","34,782,610",,,,,
				AmortizationOfIntangiblesIncomeStatement,,,,,,,,,,,,,,,,,,,,,,"169,779,300","34,782,610",,,,,
	OtherOperatingExpenses,"-2,000,000","-179,200,000","369,300,000","334,700,000","-710,900,000","503,200,000","2,099,500,000","267,600,000","16,700,000","198,500,000","41,200,000","1,700,000","-900,000",,,,,,,,,"-169,779,300","-34,782,610","276,223,816","-33,112.58","-31,351.99",,
OperatingIncome,"939,235,840,000","921,456,100,000","1,121,278,000,000","649,979,600,000","566,784,600,000","372,694,200,000","383,625,500,000","386,657,100,000","377,911,300,000","321,729,900,000","296,831,200,000","210,020,100,000","181,605,700,000","141,557,400,000","159,175,300,000","91,961,900,000","104,435,400,000","111,759,741,580","127,211,722,880","91,240,846,555","88,621,233,120","51,171,481,020","31,617,392,490","7,962,413,734","61,294,729,950.58","22,272,892,623.86","13,782,436,878","14,971,369,766.08"
NetNonOperatingInterestIncomeExpense,"54,301,285,000","48,294,500,000","10,672,200,000","294,600,000","6,936,900,000","12,938,500,000","11,643,200,000","6,134,400,000","3,011,400,000","939,000,000","-505,600,000","-810,800,000","624,800,000","852,800,000","1,239,800,000","2,209,400,000","4,758,800,000",,,,,,,,,,,
	InterestIncomeNonOperating,"66,035,254,000","60,293,900,000","22,422,200,000","5,708,800,000","9,018,400,000","16,189,400,000","14,694,400,000","9,464,700,000","6,317,500,000","4,129,300,000","2,730,700,000","1,836,000,000","1,645,000,000","1,479,500,000","1,665,200,000","2,600,900,000","5,373,800,000",,,,,,,,,,,
	InterestExpenseNonOperating,"11,733,969,000","11,999,400,000","11,750,000,000","5,414,200,000","2,081,500,000","3,250,900,000","3,051,200,000","3,330,300,000","3,306,100,000","3,190,300,000","3,236,300,000","2,646,800,000","1,020,200,000","626,700,000","425,400,000","391,500,000","615,000,000",,,,,,,,,,,
	TotalOtherFinanceCost,,,,"-294,000,000","-6,937,000,000","-12,939,000,000","-11,643,000,000",,,,,,,,,,,,,,,,,,,,,
OtherIncomeExpense,"8,047,648,000","9,565,900,000","12,122,000,000","12,761,800,000","11,024,800,000","4,229,400,000","2,274,400,000","3,370,400,000","4,999,000,000","27,808,700,000","5,747,900,000","6,752,200,000","-569,400,000","2,737,500,000","9,855,300,000","1,291,300,000","2,278,000,000","5,091,781,610","2,509,042,690","2,896,445,030","3,169,572,000","1,052,631,660","-2,817,391,410","-2,363,881,459.28","3,644,138,766.74","-339,228,531.8","-818,312,054","-8,297,428.16"
	GainOnSaleOfSecurity,"2,102,189,000","3,337,600,000","3,421,700,000","5,786,300,000","6,376,000,000","290,600,000","-846,700,000","1,080,300,000","1,778,500,000","23,051,800,000","744,800,000","1,768,400,000","942,000,000","555,000,000","958,400,000","-32,300,000",,,,,,,,,,,,
	EarningsFromEquityInterest,"4,639,384,000","4,800,200,000","7,679,800,000","5,512,700,000","3,562,000,000","2,861,000,000","3,090,600,000","3,014,800,000","3,457,900,000","4,196,400,000","3,919,800,000","3,806,800,000","2,073,100,000","897,600,000","2,298,200,000","46,000,000","701,500,000","2,497,243,210","2,346,117,840","1,437,502,005","2,091,917,520","-305,602,740","-1,982,608,770",,,,,
	SpecialIncomeCharges,,"15,700,000","0","0","0","-4,600,000","0","-1,110,200,000","-371,800,000","517,100,000","881,900,000","889,200,000","-3,787,200,000","383,100,000","5,739,400,000","1,277,600,000","1,576,500,000","2,594,538,400","162,924,850","1,458,943,025","1,077,654,480","1,358,234,400","-834,782,640","-2,363,881,459.28","3,644,138,766.74","-339,228,531.8","-818,312,054","-8,297,428.16"
		ImpairmentOfCapitalAssets,,,,,,"-301,400,000","423,500,000","0","0","2,545,600,000","239,900,000","0","444,500,000","363,500,000",,"913,200,000","1,560,100,000",,,,,,,,,,,
		WriteOff,,"9,500,000","900,000","1,300,000","-900,000","0","0","29,600,000","122,200,000","154,700,000","947,000,000","352,200,000","4,231,600,000","363,500,000","160,100,000",,,,,,,,,,,,,
		OtherSpecialCharges,,,,,,,,,,"-430,000,000",,"-899,800,000","-883,800,000","-947,300,000","-6,748,800,000","-2,259,300,000","-2,315,300,000",,,,,,,,,,,
		GainOnSaleOfBusiness,,"15,700,000","0","0","0","-4,600,000","0","17,300,000","-296,100,000","2,353,900,000","2,054,300,000","292,800,000","5,000,000",,,,,,,,,,,,,,,
		GainOnSaleOfPPE,,,,,,"-950,000,000","-1,005,600,000","-1,097,900,000","46,500,000","433,500,000","14,500,000","48,800,000","100,000","-200,700,000","-849,300,000","-68,500,000","821,300,000",,,,,,,,,,,
	OtherNonOperatingIncomeExpenses,"1,290,375,000","1,412,400,000","1,020,500,000","1,462,800,000","1,086,800,000","1,082,400,000","30,500,000","385,500,000","134,400,000","43,400,000","201,400,000","287,800,000","202,700,000","901,800,000","859,300,000",,,,,,,,,,,,,
PretaxIncome,"1,001,584,773,000","979,316,500,000","1,144,072,200,000","663,036,000,000","584,746,300,000","389,862,100,000","397,543,100,000","396,161,900,000","385,921,700,000","350,477,600,000","302,073,500,000","215,961,500,000","181,661,100,000","145,147,700,000","170,270,400,000","95,462,600,000","111,472,200,000","121,651,419,230","133,337,697,240","94,545,394,435","92,107,762,320","47,164,689,540","27,269,566,240","10,142,169,292.64","63,938,305,887.46","21,146,917,255","13,653,568,838","15,445,891,189.12"
TaxProvision,"132,284,846,000","128,288,800,000","150,777,500,000","70,155,400,000","73,738,300,000","35,835,100,000","34,436,900,000","51,122,900,000","54,124,400,000","47,644,700,000","47,889,900,000","32,111,800,000","22,374,700,000","10,694,400,000","7,988,500,000","5,996,400,000","10,949,000,000","11,707,854,530","7,787,807,830","632,477,205","-348,652,920","3,904,923,900","5,634,782,820","-4,341,014,611.12","-1,167,880,696.6","-2,383,096,111.89","-1,662,397,716","-2,565,865,323.84"
NetIncomeCommonStockholders,"870,238,316,000","851,740,000,000","992,923,400,000","592,359,200,000","510,744,000,000","353,948,000,000","363,052,700,000","344,998,300,000","331,713,700,000","302,850,900,000","254,301,400,000","183,977,600,000","159,480,800,000","134,201,300,000","161,605,000,000","89,217,800,000","99,933,200,000","109,197,634,910","126,983,628,090","93,855,039,630","92,456,415,240","46,994,910,240","21,634,783,420","14,483,183,903.76","65,106,186,584.06","23,530,013,366.89","15,315,966,554","18,011,756,512.96"
	NetIncome,"870,238,316,000","851,740,000,000","992,923,400,000","592,359,200,000","510,744,000,000","353,948,000,000","363,052,700,000","344,998,300,000","331,713,700,000","302,850,900,000","254,301,400,000","183,977,600,000","159,480,800,000","134,201,300,000","161,605,000,000","89,217,800,000","99,933,200,000","109,197,634,910","126,983,628,090","93,855,039,630","92,456,415,240","47,164,689,540","21,634,783,420","14,483,183,903.76","65,106,186,584.06","23,530,013,366.89","15,315,966,554","18,011,756,512.96"
		NetIncomeIncludingNoncontrollingInterests,"869,299,927,000","851,027,700,000","993,294,700,000","592,880,600,000","511,008,000,000","354,027,000,000","363,106,200,000","345,039,000,000","331,797,300,000","302,832,900,000","254,183,600,000","183,849,700,000","159,286,400,000","134,453,300,000","162,281,900,000","89,466,200,000","199,866,400,000","109,943,564,700","127,179,137,910","93,912,917,230","92,456,415,240","47,164,689,540","21,600,000,810","8,032,203,953.84","65,069,398,507.68","23,014,053,667.46","14,304,352,440","17,938,288,340"
			NetIncomeContinuousOperations,"869,299,927,000","851,027,700,000","993,294,700,000","592,880,600,000","511,008,000,000","354,027,000,000","363,106,200,000","345,039,000,000","331,797,300,000","302,832,900,000","254,183,600,000","183,849,700,000","159,286,400,000","134,453,300,000","162,281,900,000","89,466,200,000","199,866,400,000","109,197,634,910","125,386,964,560","93,855,039,630","92,456,415,240","47,164,689,540","21,634,783,420","14,483,183,903.76","65,106,186,584.06","23,530,013,366.89","15,315,966,554","18,011,756,512.96"
			NetIncomeExtraordinary,,,,,,,,,,,,,,,,,,,"1,596,663,530",,,,,,,,,
		MinorityInterests,"938,389,000","712,300,000","-371,300,000","-521,400,000","-264,000,000","-79,000,000","-53,500,000","-40,700,000","-83,600,000","18,000,000","117,800,000","127,900,000","194,400,000","-252,000,000","-676,900,000","-248,400,000","-590,000,000","-745,929,790","-195,509,820","-57,877,600",,,"34,782,610","6,450,979,949.92","36,788,076.38","515,959,699.43","1,011,614,114","73,468,172.96"
	PreferredStockDividends,,,,,,,,,,,,,,,,,,,,,,"169,779,300",,,,,,
AverageDilutionEarnings,,,,,,,,"0","0","0","0","0","0","0","0",,,,,,,,,,,,,
DilutedNIAvailtoComStockholders,"870,238,316,000","851,740,000,000","992,923,400,000","592,359,200,000","510,744,000,000","353,948,000,000","363,052,700,000","344,998,300,000","331,713,700,000","302,850,900,000","254,301,400,000","183,977,600,000","159,480,800,000","134,201,300,000","161,605,000,000","89,217,800,000","99,933,200,000","109,197,634,910","126,983,628,090","93,855,039,630","92,456,415,240","46,994,910,240","21,634,783,420","14,483,183,903.76","65,106,186,584.06","23,530,013,366.89","15,315,966,554","18,011,756,512.96"
BasicEPS,"167.85","164.25","196","115.05","99.85","66.6","67.7","66.15","64.45","59.1","50.9","36.3","32.05","25.9","32.7","17.25","19.2","20.197","23.861","17.903","18.087","9.203","4.194","5.272","13.354","7.778","3.859","4.64"
DilutedEPS,"167.85","164.25","196","115.05","99.85","66.6","67.7","66.15","64.45","59.1","50.9","36.3","32.05","25.9","32.7","17.2","19.05","20.197","23.861","17.903","18.087","9.203","4.194","5.272","13.354","7.778","3.859","4.64"
BasicAverageShares,"5,185,848,950","5,185,840,000","5,185,838,000","5,186,076,000","5,186,076,000","5,186,076,000","5,186,076,000","5,186,076,000","5,186,076,000","5,186,057,600","5,185,854,600","5,185,555,600","5,184,147,000","5,182,815,200","5,181,166,400","5,167,160,400","5,207,837,200","5,401,007,484","5,327,832,788","5,230,341,054","5,104,002,463","5,121,274,070","5,064,802,457","4,457,587,848","4,885,145,458","3,154,637,757","3,968,452,729","3,881,665,081"
DilutedAverageShares,"5,185,879,050","5,185,860,000","5,185,838,000","5,186,076,000","5,186,076,000","5,186,076,000","5,186,076,000","5,186,076,000","5,186,076,000","5,186,076,000","5,186,020,800","5,185,920,600","5,185,587,200","5,184,936,400","5,184,018,800","5,182,720,600","5,247,135,800","5,405,359,536","5,332,701,310","5,232,908,585","5,105,408,394","5,123,381,429","5,064,802,457","5,192,497,528","4,885,145,458","4,044,610,067","3,968,452,729","3,881,665,081"
TotalOperatingIncomeAsReported,"939,245,749,000","921,465,600,000","1,121,278,900,000","649,980,900,000","566,783,700,000","372,701,100,000","383,623,500,000","385,559,200,000","377,957,800,000","320,047,800,000","295,870,300,000","210,068,900,000","181,162,100,000","141,557,400,000","159,175,300,000","91,961,900,000","104,435,400,000","111,727,309,850","127,244,307,850","91,240,813,670","88,621,233,120","51,205,436,880","31,652,175,100","8,238,672,515.04","61,294,696,838","22,272,861,271.87","13,782,436,878","14,971,369,766.08"
TotalExpenses,"1,306,511,188,000","1,240,279,700,000","1,142,613,300,000","937,435,400,000","772,470,200,000","697,291,200,000","647,736,300,000","590,785,500,000","569,997,900,000","521,782,600,000","466,003,800,000","386,983,200,000","325,114,600,000","285,449,200,000","260,362,600,000","203,780,300,000","228,722,300,000","210,903,540,190","190,133,299,950","176,121,964,305","169,001,579,040","151,477,091,460","130,956,526,650","122,244,982,638.24","104,902,871,982.86","54,042,020,850.81","36,556,641,247","29,081,701,691.84"
NetIncomeFromContinuingAndDiscontinuedOperation,"870,238,316,000","851,740,000,000","992,923,400,000","592,359,200,000","510,744,000,000","353,948,000,000","363,052,700,000","344,998,300,000","331,713,700,000","302,850,900,000","254,301,400,000","183,977,600,000","159,480,800,000","134,201,300,000","161,605,000,000","89,217,800,000","99,933,200,000","109,197,634,910","125,386,964,560","93,855,039,630","92,456,415,240","47,164,689,540","21,634,783,420","14,483,183,903.76","65,106,186,584.06","23,530,013,366.89","15,315,966,554","18,011,756,512.96"
NormalizedIncome,"868,400,148,325.406","848,825,976,610.82","989,952,646,515.22","587,185,144,570.461","505,172,033,135.054","353,688,288,368.631","363,826,055,189.764","345,024,341,540.34","330,504,285,598.296","282,486,008,386.927","252,932,592,533.87","181,715,164,507.007","161,975,564,510.839","133,332,318,674.564","155,221,437,679.009","88,050,722,433.917","98,511,546,665.805","106,852,797,486.38","125,233,555,604.22","92,405,856,448.007","91,809,822,552","45,918,907,952.095","22,297,072,708.367","15,901,512,779.328","62,919,703,324.016","23,733,550,485.97","15,806,953,786.4","18,016,734,969.856"
InterestIncome,"66,035,254,000","60,293,900,000","22,422,200,000","5,708,800,000","9,018,400,000","16,189,400,000","14,694,400,000","9,464,700,000","6,317,500,000","4,129,300,000","2,730,700,000","1,836,000,000","1,645,000,000","1,479,500,000","1,665,200,000","2,600,900,000","5,373,800,000",,,,,,,,,,,
InterestExpense,"11,733,969,000","11,999,400,000","11,750,000,000","5,414,200,000","2,081,500,000","3,250,900,000","3,051,200,000","3,330,300,000","3,306,100,000","3,190,300,000","3,236,300,000","2,646,800,000","1,020,200,000","626,700,000","425,400,000","391,500,000","615,000,000",,,,,,,,,,,
NetInterestIncome,"54,301,285,000","48,294,500,000","10,672,200,000","294,600,000","6,936,900,000","12,938,500,000","11,643,200,000","6,134,400,000","3,011,400,000","939,000,000","-505,600,000","-810,800,000","624,800,000","852,800,000","1,239,800,000","2,209,400,000","4,758,800,000",,,,,,,,,,,
EBIT,"1,013,318,742,000","991,315,900,000","1,155,822,200,000","668,450,200,000","586,827,800,000","393,113,000,000","400,594,300,000","399,492,200,000","389,227,800,000","353,667,900,000","305,309,800,000","218,608,300,000","182,681,300,000","145,774,400,000","170,695,800,000","95,854,100,000","112,087,200,000","111,759,741,580","127,211,722,880","91,240,846,555","88,621,233,120","51,171,481,020","31,617,392,490","7,962,413,734","61,294,729,950.58","22,272,892,623.86","13,782,436,878","14,971,369,766.08"
EBITDA,"1,594,210,163,000","1,523,506,800,000","1,593,076,500,000","1,090,845,100,000","918,552,400,000","679,997,200,000","693,140,600,000","659,634,900,000","613,056,200,000","576,173,500,000","505,561,300,000","374,790,100,000","314,030,600,000","253,455,900,000","258,505,900,000","176,668,800,000","193,599,400,000","191,639,092,570","200,918,925,020","167,237,884,245","158,573,687,160","120,203,744,400","96,730,438,410","56,838,190,002.88","102,740,852,296.92","47,473,998,409.74","29,053,299,618","24,762,008,324.48"
ReconciledCostOfRevenue,"1,042,631,551,000","986,625,200,000","915,536,500,000","767,877,700,000","628,124,700,000","577,283,500,000","533,487,500,000","482,616,200,000","473,077,100,000","433,117,600,000","385,113,000,000","315,642,500,000","131,249,900,000","232,937,400,000","212,484,300,000","166,413,600,000","191,408,100,000","180,287,987,070","161,588,866,230","148,806,170,595","141,616,476,960","59,049,240,540","45,113,045,170","99,823,091,297.6","89,681,747,433.62","46,243,338,746.27","31,028,202,331","22,907,206,460.32"
ReconciledDepreciation,"580,891,421,000","532,190,900,000","437,254,300,000","422,394,900,000","331,724,600,000","286,884,200,000","292,546,300,000","260,142,700,000","223,828,400,000","222,505,600,000","200,251,500,000","156,181,800,000","131,349,300,000","107,681,500,000","87,810,100,000","80,814,700,000","81,512,200,000","79,879,350,990","73,707,202,140","75,997,037,690","69,952,454,040","69,032,263,380","65,113,045,920","48,875,776,268.88","41,446,122,346.34","25,201,105,785.88","15,270,862,740","9,790,638,558.4"
NetIncomeFromContinuingOperationNetMinorityInterest,"870,238,316,000","851,740,000,000","992,923,400,000","592,359,200,000","510,744,000,000","353,948,000,000","363,052,700,000","344,998,300,000","331,713,700,000","302,850,900,000","254,301,400,000","183,977,600,000","159,480,800,000","134,201,300,000","161,605,000,000","89,217,800,000","99,933,200,000","109,197,634,910","125,386,964,560","93,855,039,630","92,456,415,240","47,164,689,540","21,634,783,420","14,483,183,903.76","65,106,186,584.06","23,530,013,366.89","15,315,966,554","18,011,756,512.96"
TotalUnusualItemsExcludingGoodwill,"2,117,889,000","3,353,300,000","3,421,700,000","5,786,300,000","6,376,000,000","286,000,000","-846,700,000","-29,900,000","1,406,700,000","23,568,900,000","1,626,700,000","2,657,600,000","-2,845,200,000","938,100,000","6,697,800,000","1,245,300,000","1,576,500,000","2,594,538,400","162,924,850","1,458,943,025","1,077,654,480","1,358,234,400","-834,782,640","-2,363,881,459.28","3,644,138,766.74","-339,228,531.8","-818,312,054","-8,297,428.16"
TotalUnusualItems,"2,117,889,000","3,353,300,000","3,421,700,000","5,786,300,000","6,376,000,000","286,000,000","-846,700,000","-29,900,000","1,406,700,000","23,568,900,000","1,626,700,000","2,657,600,000","-2,845,200,000","938,100,000","6,697,800,000","1,245,300,000","1,576,500,000","2,594,538,400","162,924,850","1,458,943,025","1,077,654,480","1,358,234,400","-834,782,640","-2,363,881,459.28","3,644,138,766.74","-339,228,531.8","-818,312,054","-8,297,428.16"
NormalizedEBITDA,"1,592,092,274,000","1,520,153,500,000","1,589,654,800,000","1,085,058,800,000","912,176,400,000","679,711,200,000","693,987,300,000","659,664,800,000","611,649,500,000","552,604,600,000","503,934,600,000","372,132,500,000","316,875,800,000","252,517,800,000","251,808,100,000","175,423,500,000","192,022,900,000","189,044,554,170","200,756,000,170","165,778,941,220","157,496,032,680","118,845,510,000","97,565,221,050","59,202,071,462.16","99,096,713,530.18","47,813,226,941.54","29,871,611,672","24,770,305,752.64"
TaxRateForCalcs,"0.132","0.131","0.132","0.106","0.126","0.092","0.087","0.129","0.14","0.136","0.159","0.149","0.123","0.074","0.047","0.063","0.098","0.096","0.058","0.007","0.4","0.083","0.207","0.4","0.4","0.4","0.4","0.4"
TaxEffectOfUnusualItems,"279,721,325.406","439,276,610.82","450,946,515.22","612,244,570.461","804,033,135.054","26,288,368.631","-73,344,810.236","-3,858,459.66","197,285,598.296","3,204,008,386.927","257,892,533.87","395,164,507.007","-350,435,489.161","69,118,674.564","314,237,679.009","78,222,433.917","154,846,665.805","249,700,976.38","9,515,894.22","9,759,843.007","431,061,792","112,452,812.095","-172,493,351.633","-945,552,583.712","1,457,655,506.696","-135,691,412.72","-327,324,821.6","-3,318,971.264"