name,ttm,12/31/2023,12/31/2022,12/31/2021,12/31/2020,12/31/2019,12/31/2018,12/31/2017,12/31/2016,12/31/2015,12/31/2014,12/31/2013,12/31/2012,12/31/2011,12/31/2010,12/31/2009,12/31/2008,12/31/2007,12/31/2006,12/31/2005,12/31/2004,12/31/2003,12/31/2002,12/31/2001,12/31/2000,12/31/1999,12/31/1998,12/31/1997,12/31/1996,12/31/1995,12/31/1994,12/31/1993,12/31/1992,12/31/1991,12/31/1990,12/31/1989,12/31/1988,12/31/1987,12/31/1986
TotalRevenue,"78,820,000,000","78,486,000,000","75,305,000,000","71,887,000,000","75,494,000,000","75,067,000,000","72,854,000,000","72,444,000,000","70,797,000,000","76,354,000,000","77,219,000,000","76,724,000,000","69,190,000,000","77,331,000,000","86,601,000,000","80,285,000,000","52,097,000,000","77,300,000,000","86,327,000,000","83,642,000,000","79,635,000,000","77,442,000,000","71,308,000,000","67,367,000,000","63,572,000,000","65,722,000,000","55,233,000,000","47,782,000,000","43,765,000,000","17,889,000,000","17,435,000,000","6,103,000,000","4,638,700,000","5,794,900,000","5,181,900,000","4,694,700,000",,,
	NetInterestIncome,"54,652,000,000","54,900,000,000","48,668,000,000","42,494,000,000","44,751,000,000","48,128,000,000","46,562,000,000","45,061,000,000","45,476,000,000","46,630,000,000","47,993,000,000","46,793,000,000","46,686,000,000","47,649,000,000","54,186,000,000","48,496,000,000","53,749,000,000","45,389,000,000","37,928,000,000","39,246,000,000","41,617,000,000","39,776,000,000","37,691,000,000","32,691,000,000","26,290,000,000","26,315,000,000","23,844,000,000","17,577,000,000","16,462,000,000","3,667,000,000","2,353,000,000","11,000,000","-68,500,000","-188,000,000","-188,200,000","-127,900,000",,,
		InterestIncome,"143,426,000,000","133,258,000,000","74,408,000,000","50,475,000,000","58,089,000,000","76,510,000,000","70,828,000,000","61,579,000,000","57,988,000,000","58,551,000,000","61,683,000,000","62,970,000,000","67,298,000,000","71,858,000,000","79,282,000,000","76,398,000,000","106,499,000,000","121,347,000,000","93,611,000,000","75,922,000,000","63,621,000,000","57,047,000,000","58,939,000,000","64,484,000,000","62,749,000,000","54,989,000,000","54,536,000,000","42,101,000,000","37,798,000,000","13,045,000,000","3,637,000,000","718,000,000","605,400,000","687,900,000","839,000,000","872,700,000",,,
			InterestIncomeFromLoansAndLease,"61,553,000,000","57,868,000,000","41,242,000,000","35,440,000,000","40,185,000,000","47,751,000,000","45,682,000,000","41,736,000,000","40,125,000,000","40,510,000,000","44,776,000,000","45,580,000,000","47,712,000,000","49,466,000,000","55,056,000,000","47,457,000,000","62,336,000,000","63,201,000,000","52,086,000,000","47,089,000,000","43,734,000,000","38,110,000,000","37,903,000,000","39,588,000,000","37,319,000,000","33,018,000,000","31,144,000,000",,,,,,,,,,,,
				InterestIncomeFromLoans,"61,553,000,000","57,868,000,000","41,242,000,000","35,440,000,000","40,185,000,000","47,751,000,000","45,682,000,000","41,736,000,000","40,125,000,000","40,510,000,000","44,776,000,000","45,580,000,000","47,712,000,000","49,466,000,000","55,056,000,000","47,457,000,000","62,336,000,000","63,201,000,000","52,086,000,000","47,089,000,000","43,734,000,000","38,110,000,000","37,903,000,000","39,588,000,000","37,319,000,000","33,018,000,000","31,144,000,000",,,,,,,,,,,,
			InterestIncomeFromSecurities,"35,965,000,000","32,758,000,000","18,632,000,000","12,753,000,000","14,114,000,000","17,532,000,000","15,509,000,000","13,574,000,000","13,145,000,000","12,571,000,000","12,630,000,000","12,759,000,000","13,994,000,000","16,189,000,000","18,761,000,000","23,605,000,000","27,689,000,000","31,540,000,000","21,621,000,000","15,183,000,000","12,591,000,000",,,,,,,,,,,,,,,,,,
			InterestIncomeFromDeposits,"10,515,000,000","11,238,000,000","4,515,000,000","577,000,000","928,000,000","2,682,000,000","2,203,000,000","1,635,000,000","971,000,000","727,000,000","959,000,000","1,026,000,000","1,261,000,000","1,742,000,000","1,252,000,000","1,478,000,000","3,074,000,000","3,097,000,000","2,240,000,000","1,537,000,000","536,000,000",,,,,,,,,,,,,,,,,,
			InterestIncomeFromFederalFundsSoldAndSecuritiesPurchaseUnderAgreementsToResell,"30,492,000,000","26,887,000,000","7,154,000,000","1,052,000,000","2,283,000,000","6,872,000,000","5,492,000,000","3,249,000,000","2,543,000,000","2,516,000,000","2,366,000,000","2,566,000,000","3,418,000,000","3,631,000,000","3,156,000,000","3,084,000,000","9,150,000,000","18,341,000,000","14,199,000,000","9,790,000,000","5,022,000,000",,,,,,,,,,,,,,,,,,
			OtherInterestIncome,"4,901,000,000","4,507,000,000","2,865,000,000","653,000,000","579,000,000","1,673,000,000","1,942,000,000","1,385,000,000","1,204,000,000","2,227,000,000","952,000,000","1,039,000,000","913,000,000","830,000,000","1,057,000,000","774,000,000","4,250,000,000","5,168,000,000","3,465,000,000","2,323,000,000","1,738,000,000","18,937,000,000","21,036,000,000","24,896,000,000","25,430,000,000","21,971,000,000","23,392,000,000",,,,,,,,,,,,
		InterestExpense,"88,774,000,000","78,358,000,000","25,740,000,000","7,981,000,000","13,338,000,000","28,382,000,000","24,266,000,000","16,518,000,000","12,512,000,000","11,921,000,000","13,690,000,000","16,177,000,000","20,612,000,000","24,209,000,000","25,096,000,000","27,902,000,000","52,750,000,000","75,958,000,000","55,683,000,000","36,676,000,000","22,004,000,000","17,271,000,000","21,248,000,000","31,793,000,000","36,459,000,000","28,674,000,000","30,692,000,000","24,524,000,000","21,336,000,000","9,378,000,000","1,284,000,000","707,000,000","673,900,000","875,900,000","1,027,200,000","1,000,600,000",,,
			InterestExpenseForDeposit,"40,511,000,000","36,300,000,000","11,559,000,000","2,896,000,000","5,334,000,000","11,852,000,000","8,434,000,000","5,338,000,000","4,155,000,000","3,934,000,000","4,654,000,000","5,104,000,000","6,428,000,000","7,199,000,000","7,390,000,000","8,646,000,000","19,877,000,000","28,402,000,000","21,336,000,000","13,502,000,000","8,790,000,000",,,,,,,,,,,,,,,,,,
			InterestExpenseForShortTermDebt,"7,876,000,000","7,438,000,000","2,488,000,000","121,000,000","630,000,000","2,465,000,000","2,209,000,000","1,059,000,000","477,000,000","523,000,000","580,000,000","597,000,000","727,000,000","650,000,000","917,000,000","1,425,000,000","3,911,000,000","7,023,000,000","4,632,000,000","14,597,000,000","7,551,000,000",,,,,,,,,,,,,,,,,,
			InterestExpenseForLongTermDebtAndCapitalSecurities,"10,144,000,000","9,754,000,000","5,801,000,000","3,470,000,000","4,669,000,000","6,494,000,000","6,551,000,000","5,573,000,000","4,413,000,000","4,517,000,000","5,355,000,000","6,836,000,000","9,188,000,000","11,423,000,000","12,621,000,000","12,609,000,000","16,046,000,000","16,110,000,000","11,148,000,000","7,908,000,000","5,357,000,000",,,,,,,,,,,,,,,,,,
			InterestExpenseForFederalFundsSoldAndSecuritiesPurchaseUnderAgreementsToResell,"26,848,000,000","21,439,000,000","4,455,000,000","1,012,000,000","2,077,000,000","6,263,000,000","4,889,000,000","2,661,000,000","1,912,000,000","1,612,000,000","1,895,000,000","2,339,000,000","2,817,000,000","3,197,000,000","2,808,000,000","3,433,000,000","11,265,000,000","23,003,000,000","17,448,000,000",,,,,,,,,,,,,,,,,,,,
			OtherInterestExpense,"3,395,000,000","3,427,000,000","1,437,000,000","482,000,000","628,000,000","1,308,000,000","2,183,000,000","1,887,000,000","1,555,000,000","1,335,000,000","1,206,000,000","1,301,000,000","1,452,000,000","1,740,000,000","1,360,000,000","1,789,000,000","1,651,000,000","1,420,000,000","1,119,000,000","669,000,000","306,000,000",,,,,,,,,,,,,,,,,,
	NonInterestIncome,"24,168,000,000","23,586,000,000","26,637,000,000","29,393,000,000","30,743,000,000","26,939,000,000","26,292,000,000","27,383,000,000","25,321,000,000","29,724,000,000","29,226,000,000","29,931,000,000","22,504,000,000","29,682,000,000","32,415,000,000","31,789,000,000","-1,652,000,000","31,911,000,000","48,399,000,000","44,396,000,000","38,018,000,000","37,666,000,000","33,617,000,000","34,676,000,000","37,282,000,000","39,407,000,000","31,389,000,000","30,205,000,000","27,303,000,000","14,222,000,000","15,082,000,000","6,092,000,000","4,707,200,000","5,982,900,000","5,370,100,000","4,822,600,000",,,
		TotalPremiumsEarned,"98,000,000","97,000,000","91,000,000","94,000,000","125,000,000","186,000,000","119,000,000","122,000,000","280,000,000","1,224,000,000","2,110,000,000","2,280,000,000","2,395,000,000","2,561,000,000","2,684,000,000","3,020,000,000","3,221,000,000","3,062,000,000","2,769,000,000","3,132,000,000","2,726,000,000","3,749,000,000","3,410,000,000","3,450,000,000","3,236,000,000","11,504,000,000","10,324,000,000","8,995,000,000","7,633,000,000","4,977,000,000","7,590,000,000","1,480,000,000","1,693,500,000","1,782,600,000","1,921,900,000","1,815,900,000",,,
		FeesAndCommissions,"10,574,000,000","9,913,000,000","9,784,000,000","11,514,000,000","10,249,000,000","11,204,000,000","11,750,000,000","12,352,000,000","11,692,000,000","9,556,000,000","10,855,000,000","11,152,000,000","11,274,000,000","11,622,000,000","12,318,000,000","14,902,000,000","15,615,000,000","23,700,000,000","21,660,000,000","19,593,000,000","18,023,000,000","21,979,000,000","20,404,000,000","20,982,000,000","21,313,000,000","17,393,000,000","14,687,000,000","10,936,000,000","10,106,000,000",,,,,,,,,,
			FeesandCommissionIncome,"10,574,000,000","9,913,000,000","9,784,000,000","11,514,000,000","10,249,000,000","11,204,000,000","11,750,000,000","12,352,000,000","11,692,000,000","9,556,000,000","10,855,000,000","11,152,000,000","11,274,000,000","11,622,000,000","12,318,000,000","14,902,000,000","20,536,000,000","24,367,000,000","21,660,000,000","19,593,000,000","18,023,000,000","21,979,000,000","20,404,000,000","20,982,000,000","21,313,000,000","17,393,000,000","14,687,000,000","10,936,000,000","10,106,000,000",,,,,,,,,,
				ServiceChargeOnDepositorAccounts,"6,171,000,000","5,842,000,000","5,784,000,000","6,188,000,000","5,603,000,000","5,886,000,000","6,271,000,000","6,581,000,000","6,409,000,000","6,606,000,000","7,326,000,000","7,503,000,000","7,189,000,000","7,210,000,000","7,274,000,000","9,285,000,000","14,374,000,000","14,959,000,000","13,026,000,000","11,204,000,000","9,775,000,000",,,,,,,,,,,,,,,,,,
				TrustFeesbyCommissions,"1,502,000,000","1,376,000,000","1,350,000,000","1,464,000,000","1,274,000,000","1,296,000,000","1,285,000,000","1,259,000,000","1,143,000,000","2,856,000,000","4,013,000,000","4,089,000,000","4,012,000,000","3,995,000,000","4,005,000,000","5,195,000,000","8,222,000,000","8,860,000,000","6,903,000,000","6,119,000,000","5,524,000,000",,,,,,,,,,,,,,,,,,
				SecuritiesActivities,"2,346,000,000","2,316,000,000","2,546,000,000","3,236,000,000","2,960,000,000","2,612,000,000","2,792,000,000","2,718,000,000","2,395,000,000",,,,,,,,,,,,,,,,,,,,,,,,,,,,,,
				CreditCard,"109,000,000","-42,000,000","-242,000,000","281,000,000","-20,000,000","1,047,000,000","1,133,000,000","1,644,000,000","1,510,000,000","1,786,000,000","2,227,000,000","2,472,000,000","2,775,000,000","3,360,000,000","3,774,000,000","4,110,000,000","4,517,000,000","5,036,000,000","5,191,000,000","4,498,000,000","4,501,000,000",,,,,,,,,,,,,,,,,,
				OtherCustomerServices,"446,000,000","421,000,000","346,000,000","345,000,000","432,000,000","363,000,000","269,000,000","150,000,000","235,000,000","1,164,000,000","1,302,000,000","1,177,000,000","1,310,000,000","1,052,000,000","1,270,000,000","1,507,000,000","1,645,000,000","4,372,000,000","3,443,000,000","3,891,000,000","3,747,000,000",,,,,,,,,,,,,,,,,,
			FeesandCommissionExpense,,,,,"8,673,000,000","9,574,000,000","8,769,000,000","7,725,000,000","6,556,000,000",,,,,,,,"4,921,000,000","667,000,000",,,,,,,,,,,,,,,,,,,,,
		DividendIncome,,,,,"134,000,000","187,000,000","269,000,000","222,000,000","175,000,000","388,000,000","445,000,000","437,000,000","333,000,000","317,000,000","322,000,000","285,000,000","475,000,000","357,000,000","584,000,000","292,000,000","81,000,000",,,,,,,,,,,,,,,,,,
		InvestmentBankingProfit,"3,100,000,000","2,676,000,000","3,084,000,000","6,007,000,000","4,483,000,000","3,767,000,000","3,568,000,000","3,817,000,000","3,000,000,000","3,423,000,000","3,687,000,000","3,315,000,000","2,991,000,000","2,451,000,000","2,977,000,000","3,462,000,000","2,284,000,000","5,228,000,000","4,093,000,000","3,456,000,000","3,482,000,000",,,,,,,"995,000,000","276,000,000","2,140,000,000",,,,,,,,,
		TradingGainLoss,"5,581,000,000","5,509,000,000","7,560,000,000","5,493,000,000","8,962,000,000","5,042,000,000","5,133,000,000","6,505,000,000","6,158,000,000","7,614,000,000","7,193,000,000","7,558,000,000","4,818,000,000","7,512,000,000","8,033,000,000","5,622,000,000","-24,632,000,000","-14,920,000,000","7,297,000,000","6,052,000,000","1,877,000,000",,,,,,,,,,,,,,,,,,
		ForeignExchangeTradingGains,"5,048,000,000","5,439,000,000","6,599,000,000","4,661,000,000","4,923,000,000","3,850,000,000","3,772,000,000","2,435,000,000","1,699,000,000","1,532,000,000","2,008,000,000","2,307,000,000","2,493,000,000","2,309,000,000","1,852,000,000","2,762,000,000","3,921,000,000","2,573,000,000","693,000,000","604,000,000","1,839,000,000",,,,,,,,,,,,,,,,,,
		GainLossonSaleofAssets,"-18,000,000","-115,000,000","-460,000,000","459,000,000","1,581,000,000","1,442,000,000","289,000,000","715,000,000","329,000,000","417,000,000","146,000,000","213,000,000","-1,720,000,000","-257,000,000","1,000,000,000","-910,000,000","-2,061,000,000","1,168,000,000","1,791,000,000","1,962,000,000","833,000,000","5,630,000,000","4,028,000,000","5,781,000,000","6,741,000,000","541,000,000","841,000,000",,"397,000,000","-20,000,000","254,000,000","13,000,000","187,600,000","62,600,000","15,300,000",,,,
			GainOnSaleOfSecurity,"-18,000,000","-115,000,000","-460,000,000","459,000,000","1,581,000,000","1,442,000,000","289,000,000","715,000,000","329,000,000","417,000,000","146,000,000","213,000,000","-1,720,000,000","-257,000,000","1,000,000,000","-910,000,000","-2,061,000,000","1,168,000,000","1,791,000,000","1,962,000,000","833,000,000","5,120,000,000","4,513,000,000","5,544,000,000","5,981,000,000","5,160,000,000",,,,,,,,,,,,,
			GainonSaleofInvestmentProperty,,,,,,,,,,,,,,,,,,,,,"831,000,000","510,000,000","-485,000,000","237,000,000","760,000,000","541,000,000","841,000,000",,"397,000,000","-20,000,000","254,000,000","13,000,000","187,600,000","62,600,000","15,300,000",,,,
		OtherNonInterestIncome,"-215,000,000","67,000,000","-21,000,000","1,165,000,000","420,000,000","1,448,000,000","1,661,000,000","1,437,000,000","2,163,000,000","5,958,000,000","3,227,000,000","3,106,000,000","253,000,000","3,484,000,000","3,551,000,000","2,931,000,000","342,000,000","11,100,000,000","10,096,000,000","9,597,000,000","9,238,000,000","6,308,000,000","5,775,000,000","4,463,000,000","5,992,000,000","9,969,000,000","5,537,000,000","9,279,000,000","9,288,000,000","7,105,000,000","7,238,000,000","4,599,000,000","2,826,100,000","4,137,700,000","3,432,900,000","3,006,700,000",,,
CreditLossesProvision,"-10,132,000,000","-9,123,000,000","-5,112,000,000","3,891,000,000","-17,375,000,000","-8,310,000,000","-7,467,000,000","-7,342,000,000","-6,778,000,000","-7,182,000,000","-6,666,000,000","-7,684,000,000","-10,442,000,000","-11,387,000,000","-25,077,000,000","-39,004,000,000","-33,311,000,000","-16,982,000,000","-6,570,000,000","-8,179,000,000","-6,233,000,000","-8,046,000,000","-9,995,000,000","-6,800,000,000","-5,339,000,000","-4,760,000,000","-4,261,000,000","-2,197,000,000","-2,200,000,000","-171,000,000","-152,000,000","-134,000,000","-165,300,000","-165,100,000","-121,500,000","-103,100,000",,,
NonInterestExpense,"56,107,000,000","55,672,000,000","51,386,000,000","48,309,000,000","44,487,000,000","42,856,000,000","41,942,000,000","42,341,000,000","42,542,000,000","44,346,000,000","55,852,000,000","49,238,000,000","50,923,000,000","51,222,000,000","48,340,000,000","49,193,000,000","69,591,000,000","58,144,000,000","51,268,000,000","46,030,000,000","50,666,000,000","43,109,000,000","40,791,000,000","39,594,000,000","38,220,000,000","42,864,000,000","39,092,000,000","34,835,000,000","30,841,000,000","14,569,000,000","15,134,000,000","4,446,000,000","3,285,600,000","4,838,800,000","4,458,100,000","4,078,700,000",,,
	OccupancyAndEquipment,"2,497,000,000","2,508,000,000","2,320,000,000","2,314,000,000","2,333,000,000","2,328,000,000","2,324,000,000","2,453,000,000","2,542,000,000","2,878,000,000","3,178,000,000","3,165,000,000","3,266,000,000","3,310,000,000","3,331,000,000","3,697,000,000","4,217,000,000","4,837,000,000","5,794,000,000","5,141,000,000","4,791,000,000","4,280,000,000",,,,,,,,,,,,,,,,,
		Equipment,"2,329,000,000",,,,,"2,328,000,000","2,324,000,000","2,453,000,000","2,542,000,000","2,878,000,000","3,178,000,000","3,165,000,000","3,266,000,000","3,310,000,000","3,331,000,000",,,,,,,,,,,,,,,,,,,,,,,,
	SellingGeneralAndAdministration,"30,170,000,000","30,712,000,000","28,305,000,000","26,740,000,000","23,544,000,000","23,022,000,000","22,800,000,000","22,898,000,000","22,806,000,000","24,047,000,000","26,604,000,000","26,685,000,000","28,170,000,000","28,854,000,000","27,040,000,000","27,660,000,000","34,687,000,000","36,369,000,000","33,190,000,000","29,172,000,000","26,471,000,000","25,183,000,000","22,128,000,000","22,969,000,000","21,760,000,000","25,289,000,000","23,142,000,000","20,656,000,000","19,394,000,000","10,166,000,000","11,038,000,000","2,890,000,000","1,976,000,000","2,759,000,000","2,573,000,000","1,884,600,000",,,
		GeneralAndAdministrativeExpense,"28,961,000,000","29,319,000,000","26,749,000,000","25,250,000,000","22,327,000,000","21,506,000,000","21,255,000,000","21,290,000,000","21,174,000,000","22,500,000,000","24,760,000,000","24,797,000,000","26,006,000,000","26,586,000,000","25,395,000,000","26,245,000,000","32,499,000,000","33,640,000,000","30,719,000,000","26,639,000,000","23,818,000,000","25,183,000,000","22,128,000,000","22,969,000,000","21,760,000,000","25,289,000,000","23,142,000,000","20,656,000,000","19,394,000,000","10,166,000,000","11,038,000,000","2,890,000,000","1,976,000,000","2,137,500,000","2,005,900,000","1,884,600,000",,,
			SalariesAndWages,"28,867,000,000","29,232,000,000","26,655,000,000","25,134,000,000","22,214,000,000","21,433,000,000","21,154,000,000","21,181,000,000","20,970,000,000","21,769,000,000","23,959,000,000","23,967,000,000","25,119,000,000","25,614,000,000","24,430,000,000","24,987,000,000","31,096,000,000","32,705,000,000","29,752,000,000","25,772,000,000","22,934,000,000","21,288,000,000","18,650,000,000","19,449,000,000","18,633,000,000","16,169,000,000","14,615,000,000","12,942,000,000","12,028,000,000","5,149,000,000","3,241,000,000","2,057,000,000","1,069,200,000","1,201,400,000","973,800,000","908,800,000",,,
			InsuranceAndClaims,"94,000,000","87,000,000","94,000,000","116,000,000","113,000,000","73,000,000","101,000,000","109,000,000","204,000,000","731,000,000","801,000,000","830,000,000","887,000,000","972,000,000","965,000,000","1,258,000,000","1,403,000,000","935,000,000","967,000,000","867,000,000","884,000,000","3,895,000,000","3,478,000,000","3,520,000,000","3,127,000,000","9,120,000,000","8,527,000,000","7,714,000,000","7,366,000,000","5,017,000,000","7,797,000,000","833,000,000","906,800,000","936,100,000","1,032,100,000","975,800,000",,,
			OtherGandA,,,,,"7,383,000,000","7,077,000,000","7,193,000,000","6,909,000,000","6,701,000,000","6,581,000,000","6,436,000,000","6,136,000,000","5,829,000,000","5,055,000,000","4,924,000,000","5,215,000,000","7,093,000,000","5,620,000,000","3,741,000,000","3,524,000,000","3,518,000,000",,,,,,,,,,,,,,,,,,
		SellingAndMarketingExpense,"1,209,000,000","1,393,000,000","1,556,000,000","1,490,000,000","1,217,000,000","1,516,000,000","1,545,000,000","1,608,000,000","1,632,000,000","1,547,000,000","1,844,000,000","1,888,000,000","2,164,000,000","2,268,000,000","1,645,000,000","1,415,000,000","2,188,000,000","2,729,000,000","2,471,000,000","2,533,000,000","2,653,000,000",,,,,,,,,,,,,"621,500,000","567,100,000",,,,
	OtherNonInterestExpense,"23,440,000,000","22,452,000,000","20,761,000,000","19,255,000,000","18,610,000,000","17,506,000,000","16,818,000,000","16,990,000,000","17,194,000,000","17,421,000,000","26,070,000,000","19,388,000,000","19,487,000,000","19,058,000,000","17,969,000,000","17,836,000,000","30,687,000,000","16,938,000,000","12,284,000,000","11,717,000,000","19,404,000,000","13,646,000,000","18,663,000,000","16,625,000,000","16,460,000,000","17,575,000,000","15,950,000,000","14,179,000,000","11,447,000,000","4,403,000,000","4,096,000,000","1,556,000,000","1,309,600,000","2,079,800,000","1,885,100,000","2,194,100,000",,,
SpecialIncomeCharges,"-1,042,000,000","-781,000,000","0","0",,,,,,,,,,"0","0","113,000,000","-1,550,000,000","-1,528,000,000","0","0","5,000,000","46,000,000","15,000,000","-454,000,000","-716,000,000","53,000,000","-795,000,000",,"363,000,000",,,,,,,,,,
	RestructuringAndMergernAcquisition,"1,042,000,000","781,000,000","0","0",,,,,,,,,,"0","0","-113,000,000","1,550,000,000","1,528,000,000","0","0","-5,000,000","-46,000,000","-15,000,000","454,000,000","716,000,000",,,,,,,,,,,,,,
PretaxIncome,"11,539,000,000","12,910,000,000","18,807,000,000","27,469,000,000","13,632,000,000","23,901,000,000","23,445,000,000","22,761,000,000","21,477,000,000","24,826,000,000","14,701,000,000","19,802,000,000","7,825,000,000","14,722,000,000","13,184,000,000","-7,799,000,000","-52,355,000,000","646,000,000","28,489,000,000","29,433,000,000","22,736,000,000","26,048,000,000","20,446,000,000","20,432,000,000","19,258,000,000","17,900,000,000","10,857,000,000","10,538,000,000","11,040,000,000","3,320,000,000","2,149,000,000","1,501,000,000","1,187,800,000","765,500,000","588,600,000","470,600,000",,,
TaxProvision,"3,090,000,000","3,528,000,000","3,642,000,000","5,451,000,000","2,525,000,000","4,430,000,000","5,357,000,000","29,388,000,000","6,444,000,000","7,440,000,000","7,197,000,000","6,186,000,000","7,000,000","3,575,000,000","2,233,000,000","-6,733,000,000","-20,326,000,000","-2,546,000,000","7,749,000,000","9,078,000,000","6,464,000,000","8,195,000,000","6,998,000,000","7,203,000,000","7,027,000,000","6,530,000,000","3,907,000,000","3,833,000,000","3,967,000,000","1,179,000,000","823,000,000","550,000,000","431,600,000","286,700,000","215,700,000","181,600,000",,,
NetIncomeCommonStockholders,"6,952,000,000","7,850,000,000","13,700,000,000","20,758,000,000","9,879,000,000","18,171,000,000","16,671,000,000","-8,048,000,000","13,640,000,000","16,249,000,000","6,688,000,000","13,202,000,000","7,349,000,000","10,855,000,000","10,503,000,000","-9,246,000,000","-29,637,000,000","3,320,000,000","21,474,000,000","24,521,000,000","16,978,000,000","17,782,000,000","15,193,000,000","14,016,000,000","13,400,000,000","11,094,000,000","6,734,000,000","6,422,000,000","6,414,000,000","2,205,000,000","1,240,000,000","890,000,000","720,800,000","478,800,000","372,900,000","289,000,000","161,800,000","23,700,000","45,900,000"
	NetIncome,"8,295,000,000","9,228,000,000","14,845,000,000","21,952,000,000","11,047,000,000","19,401,000,000","18,045,000,000","-6,798,000,000","14,912,000,000","17,242,000,000","7,310,000,000","13,659,000,000","7,541,000,000","11,067,000,000","10,602,000,000","-1,606,000,000","-27,684,000,000","3,617,000,000","21,538,000,000","24,589,000,000","17,046,000,000","17,853,000,000","15,276,000,000","14,126,000,000","13,519,000,000","11,243,000,000","6,950,000,000","6,705,000,000","6,739,000,000","2,291,000,000","1,326,000,000","916,000,000","728,100,000","478,800,000","372,900,000","289,000,000","161,800,000","23,700,000","45,900,000"
		NetIncomeIncludingNoncontrollingInterests,"8,449,000,000","9,381,000,000","14,934,000,000","22,025,000,000","11,087,000,000","19,467,000,000","18,080,000,000","-6,738,000,000","14,975,000,000","17,332,000,000","7,502,000,000","13,886,000,000","7,760,000,000","11,215,000,000","10,883,000,000","-1,511,000,000","-28,027,000,000","3,900,000,000","21,827,000,000","25,138,000,000","17,264,000,000","18,138,000,000","15,367,000,000","14,213,000,000","13,558,000,000","11,494,000,000","7,178,000,000","6,917,000,000","6,786,000,000","2,291,000,000","1,326,000,000","938,000,000","728,100,000","504,300,000","386,600,000","331,300,000","161,800,000","23,700,000","45,900,000"
			NetIncomeContinuousOperations,"8,449,000,000","9,382,000,000","15,165,000,000","22,018,000,000","11,107,000,000","19,471,000,000","18,088,000,000","-6,627,000,000","15,033,000,000","17,386,000,000","7,504,000,000","13,616,000,000","7,818,000,000","11,147,000,000","10,951,000,000","-1,066,000,000","-32,029,000,000","3,192,000,000","20,740,000,000","20,355,000,000","16,272,000,000","17,853,000,000","13,448,000,000","13,229,000,000","12,231,000,000","11,370,000,000","6,950,000,000","6,705,000,000","7,073,000,000","2,141,000,000","1,326,000,000","951,000,000","756,200,000","478,800,000","372,900,000","289,000,000","161,800,000","101,500,000","37,700,000"
			NetIncomeDiscontinuousOperations,"0","-1,000,000","-231,000,000","7,000,000","-20,000,000","-4,000,000","-8,000,000","-111,000,000","-58,000,000","-54,000,000","-2,000,000","270,000,000","-58,000,000","68,000,000","-68,000,000","-445,000,000","4,002,000,000","708,000,000","1,087,000,000","4,832,000,000","992,000,000",,"1,875,000,000","1,055,000,000","1,288,000,000",,,,"-334,000,000","150,000,000",,,,,,,,"-77,800,000","8,200,000"
			NetIncomeExtraordinary,,,,,,,,,,,,,,,,,,,,"-49,000,000",,,"-47,000,000","-158,000,000",,"-127,000,000",,,,,,"-35,000,000","-28,100,000",,,,,,
			NetIncomeFromTaxLossCarryforward,,,,,,,,,,,,,,,,,,"0","0","-49,000,000","0",,,,,,,,,,,,,,,,,,
		MinorityInterests,"-154,000,000","-153,000,000","-89,000,000","-73,000,000","-40,000,000","-66,000,000","-35,000,000","-60,000,000","-63,000,000","-90,000,000","-192,000,000","-227,000,000","-219,000,000","-148,000,000","-281,000,000","-95,000,000","343,000,000","-283,000,000","-289,000,000","-549,000,000","-218,000,000","-285,000,000","-91,000,000","-87,000,000","-39,000,000","-251,000,000","-228,000,000","-212,000,000","-47,000,000",,,"-22,000,000",,"-25,500,000","-13,700,000","-42,300,000",,,
	PreferredStockDividends,"1,154,000,000","1,198,000,000","1,032,000,000","1,040,000,000","1,095,000,000","1,109,000,000","1,174,000,000","1,213,000,000","1,077,000,000","769,000,000","511,000,000","194,000,000","26,000,000","26,000,000","9,000,000","2,988,000,000","1,695,000,000","36,000,000","64,000,000","68,000,000","68,000,000","71,000,000","83,000,000","110,000,000","119,000,000","149,000,000","216,000,000","283,000,000","325,000,000","86,000,000","86,000,000","26,000,000","7,300,000",,,,,,
AverageDilutionEarnings,"65,000,000","57,000,000","41,000,000","31,000,000","30,000,000","33,000,000","0","0","0","0","1,000,000","0","11,000,000","17,000,000","2,000,000","540,000,000","877,000,000","0","0",,,,,,,,,,,,,,,,,,,,
DilutedNIAvailtoComStockholders,"7,017,000,000","7,907,000,000","13,741,000,000","20,789,000,000","9,909,000,000","18,204,000,000","16,671,000,000","-8,048,000,000","13,640,000,000","16,249,000,000","6,689,000,000","13,203,000,000","7,360,000,000","10,872,000,000","10,505,000,000","-8,706,000,000","-28,760,000,000","3,320,000,000","21,474,000,000","24,521,000,000","16,978,000,000","17,782,000,000","15,193,000,000","14,016,000,000","13,400,000,000","11,094,000,000","6,734,000,000","6,422,000,000","6,414,000,000","2,205,000,000","1,240,000,000","890,000,000","720,800,000","478,800,000","372,900,000","289,000,000","161,800,000","23,700,000","45,900,000"
BasicEPS,"3.981","4.067","7.038","10.798","5.451","8.626","7.237","-2.299","5.163","5.74","2.412","4.581","2.573","3.73","3.684","-8","-56.3","6.8","43.9","48.4","33.2","34.9","29.9","27.9","26.9","22.3","13.5","14.3","12.65","9.2","6.435","9.6","5.4","3.5","2.8","2.3","3.1","0.4","1"
DilutedEPS,"3.62","4.04","7","10.14","4.87","8.04","6.68","-2.76","4.72","5.4","2.2","4.33","2.44","3.63","3.5","-8","-56.3","6.7","43.1","47.5","32.6","34.2","29.4","27.2","26.2","21.7","13.1","13.7","12.1","9.2","6.435","9.1","5.4","3.5","2.8","2.3","3.1","0.4","1"
BasicAverageShares,"1,913,050,000","1,930,100,000","1,946,700,000","2,033,000,000","2,085,800,000","2,249,200,000","2,493,300,000","2,698,500,000","2,888,100,000","3,004,000,000","3,031,500,000","3,035,800,000","2,930,600,000","2,909,800,000","2,877,600,000","1,156,830,000","526,540,000","490,580,000","488,730,000","506,760,000","510,720,000","509,330,000","507,800,000","503,170,000","497,700,000","497,920,000","499,510,000","449,568,760","219,514,512","190,435,239","193,146,871","146,857,143","133,481,481","136,800,000","133,178,571","125,652,174","114,969,466","59,250,000","45,900,000"
DilutedAverageShares,"1,944,850,000","1,955,800,000","1,964,300,000","2,049,400,000","2,099,000,000","2,265,300,000","2,494,800,000","2,698,500,000","2,888,300,000","3,007,700,000","3,037,000,000","3,041,600,000","3,015,500,000","2,998,800,000","2,967,810,000","1,209,900,000","576,890,000","492,400,000","498,610,000","516,040,000","520,740,000","519,360,000","516,620,000","514,700,000","512,220,000","512,780,000","514,370,000","471,528,211","234,114,147","190,655,738","193,333,333","146,857,143","133,481,481","136,800,000","133,178,571","125,652,174","114,969,466","59,250,000","45,900,000"
InterestIncomeAfterProvisionForLoanLoss,"44,520,000,000","45,777,000,000","43,556,000,000","46,385,000,000","27,376,000,000","39,818,000,000","39,095,000,000","37,719,000,000","38,698,000,000","39,448,000,000","41,327,000,000","39,109,000,000","36,244,000,000","36,262,000,000","29,109,000,000","9,492,000,000","20,438,000,000","28,407,000,000","31,358,000,000","31,067,000,000","35,384,000,000","31,730,000,000","27,696,000,000","25,891,000,000","20,951,000,000","21,555,000,000","19,583,000,000","15,380,000,000","14,262,000,000","3,667,000,000","2,201,000,000","-123,000,000","-233,800,000","-353,100,000","-309,700,000","-231,000,000",,,
NetIncomeFromContinuingAndDiscontinuedOperation,"8,295,000,000","9,228,000,000","14,845,000,000","21,952,000,000","11,047,000,000","19,401,000,000","18,045,000,000","-6,798,000,000","14,912,000,000","17,242,000,000","7,310,000,000","13,659,000,000","7,541,000,000","11,067,000,000","10,602,000,000","-1,606,000,000","-27,684,000,000","3,617,000,000","21,538,000,000","24,638,000,000","17,046,000,000","17,853,000,000","15,323,000,000","14,284,000,000","13,519,000,000","11,370,000,000","6,950,000,000","6,705,000,000","6,739,000,000","2,291,000,000","1,326,000,000","951,000,000","756,200,000","478,800,000","372,900,000","289,000,000","161,800,000","23,700,000","45,900,000"
NormalizedIncome,"9,057,965,421.614","9,796,787,000","15,076,000,000","21,945,000,000","11,067,000,000","19,405,000,000","18,053,000,000","-6,687,000,000","14,970,000,000","17,296,000,000","7,312,000,000","13,389,000,000","7,599,000,000","10,999,000,000","10,670,000,000","-1,234,450,000","-30,737,762,964.378","3,902,200,000","20,451,000,000","19,806,000,000","16,054,000,000","17,471,923,986.486","13,757,134,304.999","13,369,499,853.171","12,203,055,042.06","10,992,693,854.749","6,920,553,559.915","6,705,000,000","6,840,436,684.783","2,141,000,000","1,169,274,080.968","942,763,491.006","636,766,492.676","439,645,355.976","363,206,880.734","289,000,000","161,800,000","101,500,000","37,700,000"
TotalMoneyMarketInvestments,"41,007,000,000","38,125,000,000","11,669,000,000","1,629,000,000","3,211,000,000","9,554,000,000","7,695,000,000","4,884,000,000","3,514,000,000","3,243,000,000","3,325,000,000","3,592,000,000","4,679,000,000","5,373,000,000","4,408,000,000","4,562,000,000","12,224,000,000","21,438,000,000","16,439,000,000","11,327,000,000","5,558,000,000",,,,,,,,,,,,,,,,,,
ReconciledDepreciation,"4,524,000,000","4,560,000,000","4,262,000,000","3,964,000,000","3,937,000,000","3,905,000,000","3,754,000,000","3,659,000,000","3,720,000,000","3,506,000,000","3,589,000,000","3,303,000,000","2,507,000,000","2,872,000,000","2,664,000,000","2,853,000,000","2,466,000,000","2,421,000,000","2,503,000,000","2,318,000,000","2,056,000,000","2,120,000,000","1,926,000,000","4,479,000,000","4,324,000,000","3,839,000,000","3,319,000,000","2,642,000,000","2,374,000,000","416,000,000","349,000,000","125,000,000","97,100,000","120,400,000","124,100,000","102,500,000",,,
NetIncomeFromContinuingOperationNetMinorityInterest,"8,295,000,000","9,229,000,000","15,076,000,000","21,945,000,000","11,067,000,000","19,405,000,000","18,053,000,000","-6,687,000,000","14,970,000,000","17,296,000,000","7,312,000,000","13,389,000,000","7,599,000,000","10,999,000,000","10,670,000,000","-1,161,000,000","-31,686,000,000","2,909,000,000","20,451,000,000","19,806,000,000","16,054,000,000","17,853,000,000","13,448,000,000","13,229,000,000","12,231,000,000","11,370,000,000","6,950,000,000","6,705,000,000","7,073,000,000","2,141,000,000","1,326,000,000","951,000,000","756,200,000","478,800,000","372,900,000","289,000,000","161,800,000","101,500,000","37,700,000"
TotalUnusualItemsExcludingGoodwill,"-1,042,000,000","-781,000,000","0","0",,,,,,,,,,"0","0","113,000,000","-1,550,000,000","-1,528,000,000","0","0","836,000,000","556,000,000","-470,000,000","-217,000,000","44,000,000","594,000,000","46,000,000",,"363,000,000","-20,000,000","254,000,000","13,000,000","187,600,000","62,600,000","15,300,000",,,,
TotalUnusualItems,"-1,042,000,000","-781,000,000","0","0",,,,,,,,,,"0","0","113,000,000","-1,550,000,000","-1,528,000,000","0","0","836,000,000","556,000,000","-470,000,000","-217,000,000","44,000,000","594,000,000","46,000,000",,"363,000,000","-20,000,000","254,000,000","13,000,000","187,600,000","62,600,000","15,300,000",,,,
TaxRateForCalcs,"0.268","0.273","0.194","0.198","0.185","0.185","0.228","0.4","0.3","0.3","0.35","0.312","0.001","0.243","0.169","0.35","0.388","0.35","0.272","0.308","0.284","0.315","0.342","0.353","0.365","0.365","0.36","0.364","0.359","0.355","0.383","0.366","0.363","0.375","0.366","0.386","0.4","0.4","0.4"
TaxEffectOfUnusualItems,"-279,034,578.386","-213,213,000","0","0","0","0","0","0","0","0","0","0","0","0","0","39,550,000","-601,762,964.378","-534,800,000","0","0","0","174,923,986.486","-160,865,695.001","-76,500,146.829","16,055,042.06","216,693,854.749","16,553,559.915","0","130,436,684.783","0","97,274,080.968","4,763,491.006","68,166,492.676","23,445,355.976","5,606,880.734","0","0","0","0"