name,ttm,12/31/2023,12/31/2022,12/31/2021,12/31/2020,12/31/2019,12/31/2018,12/31/2017,12/31/2016,12/31/2015,12/31/2014,12/31/2013,12/31/2012,12/31/2011,12/31/2010,12/31/2009,11/30/2008,11/30/2007,11/30/2006,11/30/2005,11/30/2004,11/30/2003,11/30/2002,11/30/2001,11/30/2000,11/30/1999
TotalRevenue,"50,079,000,000","46,254,000,000","47,365,000,000","59,339,000,000","44,559,000,000","36,526,000,000","36,456,000,000","29,740,000,000","27,967,000,000","31,210,000,000","32,027,000,000","31,865,000,000","31,955,000,000","26,348,000,000","36,880,000,000","42,875,000,000","19,224,000,000","43,229,000,000","35,680,000,000","23,822,000,000","19,779,000,000","16,023,000,000","13,986,000,000","15,811,000,000","16,590,000,000","13,345,000,000"
	NetInterestIncome,"6,736,000,000","6,351,000,000","7,678,000,000","6,470,000,000","4,751,000,000","4,362,000,000","3,767,000,000","2,932,000,000","2,587,000,000","3,064,000,000","4,047,000,000","3,392,000,000","3,880,000,000","5,192,000,000","5,503,000,000","7,407,000,000","4,276,000,000","3,987,000,000","3,498,000,000","3,097,000,000","3,026,000,000","3,151,000,000","2,401,000,000","1,293,000,000","986,000,000","704,000,000"
		InterestIncome,"76,736,000,000","68,515,000,000","29,024,000,000","12,120,000,000","13,689,000,000","21,738,000,000","19,679,000,000","13,113,000,000","9,691,000,000","8,452,000,000","9,604,000,000","10,060,000,000","11,381,000,000","13,174,000,000","12,309,000,000","13,907,000,000","35,633,000,000","45,968,000,000","35,186,000,000","21,250,000,000","11,914,000,000","10,751,000,000","11,269,000,000","16,620,000,000","17,396,000,000","12,722,000,000"
			InterestIncomeFromLoansAndLease,"15,676,000,000","14,905,000,000","9,059,000,000","5,319,000,000","4,883,000,000","5,411,000,000","4,689,000,000","3,222,000,000","1,843,000,000","1,191,000,000","708,000,000","296,000,000","150,000,000",,,,,,,,,,,,,
				InterestIncomeFromLoans,"15,676,000,000","14,905,000,000","9,059,000,000","5,319,000,000","4,883,000,000","5,411,000,000","4,689,000,000","3,222,000,000","1,843,000,000","1,191,000,000","708,000,000","296,000,000","150,000,000",,,,,,,,,,,,,
			InterestIncomeFromSecurities,"15,694,000,000","12,316,000,000","7,286,000,000","6,305,000,000","6,837,000,000","7,356,000,000","6,372,000,000","5,371,000,000","5,444,000,000","5,862,000,000","7,537,000,000","8,159,000,000","9,817,000,000","10,718,000,000","10,346,000,000","11,106,000,000","13,150,000,000","13,120,000,000","10,717,000,000",,,,,,,
			InterestIncomeFromDeposits,"10,918,000,000","10,949,000,000","3,233,000,000","-24,000,000","245,000,000","1,211,000,000","1,418,000,000","819,000,000","452,000,000","241,000,000","227,000,000","186,000,000","156,000,000","125,000,000","86,000,000","65,000,000","188,000,000","119,000,000","159,000,000",,,,,,,
			InterestIncomeFromFederalFundsSoldAndSecuritiesPurchaseUnderAgreementsToResell,"18,861,000,000","16,405,000,000","4,468,000,000","-980,000,000","282,000,000","4,397,000,000","3,852,000,000","1,661,000,000","691,000,000","17,000,000","-78,000,000","43,000,000","-77,000,000","666,000,000","540,000,000","951,000,000","11,746,000,000","18,013,000,000","9,850,000,000",,,,,,,
			OtherInterestIncome,"15,587,000,000","13,940,000,000","4,978,000,000","1,500,000,000","1,442,000,000","3,363,000,000","3,348,000,000","2,040,000,000","1,261,000,000","1,141,000,000","1,210,000,000","1,376,000,000","1,335,000,000","1,665,000,000","1,337,000,000","1,785,000,000","10,549,000,000","14,716,000,000","14,460,000,000",,,,,,,
		InterestExpense,"70,000,000,000","62,164,000,000","21,346,000,000","5,650,000,000","8,938,000,000","17,376,000,000","15,912,000,000","10,181,000,000","7,104,000,000","5,388,000,000","5,557,000,000","6,668,000,000","7,501,000,000","7,982,000,000","6,806,000,000","6,500,000,000","31,357,000,000","41,981,000,000","31,688,000,000","18,153,000,000","8,888,000,000","7,600,000,000","8,868,000,000","15,327,000,000","16,410,000,000","12,018,000,000"
			InterestExpenseForDeposit,"19,740,000,000","17,010,000,000","5,823,000,000","1,303,000,000","2,386,000,000","3,568,000,000","2,606,000,000","1,380,000,000","878,000,000","408,000,000","333,000,000","387,000,000","399,000,000","280,000,000","304,000,000","415,000,000","756,000,000","677,000,000","146,000,000",,,,,,,
			InterestExpenseForShortTermDebt,"1,830,000,000","1,322,000,000","541,000,000","527,000,000","542,000,000","668,000,000","695,000,000","698,000,000","446,000,000","429,000,000","447,000,000","394,000,000","581,000,000","526,000,000","453,000,000","623,000,000","1,864,000,000","3,398,000,000","2,905,000,000",,,,,,,
			InterestExpenseForLongTermDebtAndCapitalSecurities,"11,210,000,000","11,084,000,000","5,716,000,000","3,231,000,000","4,153,000,000","5,359,000,000","5,555,000,000","4,599,000,000","4,242,000,000","3,878,000,000","3,460,000,000","3,752,000,000","3,736,000,000","3,439,000,000","3,155,000,000","2,585,000,000","6,975,000,000","14,147,000,000","9,777,000,000",,,,,,,
			InterestExpenseForFederalFundsSoldAndSecuritiesPurchaseUnderAgreementsToResell,"15,722,000,000","12,705,000,000","2,808,000,000","0","599,000,000","2,658,000,000","2,051,000,000","863,000,000","442,000,000","330,000,000","431,000,000","576,000,000","822,000,000","905,000,000","708,000,000","1,317,000,000","10,203,000,000","16,478,000,000","12,650,000,000",,,,,,,
			OtherInterestExpense,"21,498,000,000","20,043,000,000","6,458,000,000","589,000,000","1,258,000,000","5,123,000,000","5,005,000,000","2,641,000,000","1,096,000,000","343,000,000","886,000,000","1,559,000,000","1,963,000,000","2,832,000,000","2,186,000,000","1,560,000,000","11,559,000,000","7,281,000,000","6,210,000,000",,,,,,,
	NonInterestIncome,"43,343,000,000","39,903,000,000","39,687,000,000","52,869,000,000","39,808,000,000","32,164,000,000","32,689,000,000","26,808,000,000","25,380,000,000","28,146,000,000","27,980,000,000","28,473,000,000","28,075,000,000","21,156,000,000","31,377,000,000","35,468,000,000","14,948,000,000","39,242,000,000","32,182,000,000","20,725,000,000","16,753,000,000","12,872,000,000","11,585,000,000","14,518,000,000","15,604,000,000","12,641,000,000"
		FeesAndCommissions,"13,847,000,000","13,321,000,000","13,039,000,000","11,761,000,000","10,525,000,000","9,177,000,000","9,789,000,000","6,042,000,000","5,792,000,000","6,612,000,000","6,563,000,000","6,108,000,000","5,921,000,000","6,001,000,000","5,957,000,000","5,775,000,000","1,674,000,000","1,973,000,000","2,542,000,000","1,674,000,000","1,483,000,000",,,,,
			FeesandCommissionIncome,"13,847,000,000","13,321,000,000","13,039,000,000","11,761,000,000","10,525,000,000","9,177,000,000","9,789,000,000","8,918,000,000","8,615,000,000","9,188,000,000","9,064,000,000","8,449,000,000","8,129,000,000","8,464,000,000","8,238,000,000","8,073,000,000","4,672,000,000","4,731,000,000","4,527,000,000","3,090,000,000","2,655,000,000",,,,,
				TrustFeesbyCommissions,"9,911,000,000","9,532,000,000","9,005,000,000","8,171,000,000","6,986,000,000","6,189,000,000","6,590,000,000","5,867,000,000","5,407,000,000","5,868,000,000","5,748,000,000","5,194,000,000","4,968,000,000","4,691,000,000","4,669,000,000","4,233,000,000","4,672,000,000","4,731,000,000","4,527,000,000","3,090,000,000","2,655,000,000",,,,,
				OtherCustomerServices,"3,936,000,000","3,789,000,000","4,034,000,000","3,590,000,000","3,539,000,000","2,988,000,000","3,199,000,000","3,051,000,000","3,208,000,000","3,320,000,000","3,316,000,000","3,255,000,000","3,161,000,000","3,773,000,000","3,569,000,000","3,840,000,000",,,,,,,,,,
			FeesandCommissionExpense,,,,,,"3,252,000,000","3,200,000,000","2,876,000,000","2,823,000,000","2,576,000,000","2,501,000,000","2,341,000,000","2,208,000,000","2,463,000,000","2,281,000,000","2,298,000,000","2,998,000,000","2,758,000,000","1,985,000,000","1,416,000,000","1,172,000,000",,,,,
		InvestmentBankingProfit,"7,026,000,000","6,218,000,000","7,360,000,000","14,136,000,000","9,100,000,000","6,798,000,000","7,430,000,000","7,076,000,000","6,273,000,000","7,027,000,000","6,464,000,000","6,004,000,000","4,941,000,000","4,361,000,000","4,810,000,000","4,984,000,000","5,179,000,000","7,555,000,000","5,613,000,000","3,599,000,000","3,286,000,000","2,400,000,000","2,572,000,000","3,677,000,000","5,339,000,000","4,359,000,000"
		TradingGainLoss,"18,079,000,000","17,537,000,000","7,626,000,000","21,345,000,000","23,496,000,000","13,307,000,000","10,984,000,000","17,044,000,000","7,157,000,000","11,196,000,000","8,387,000,000","13,915,000,000","17,213,000,000","10,794,000,000","20,610,000,000","24,709,000,000","8,095,000,000","29,714,000,000","24,027,000,000","15,452,000,000","11,984,000,000",,,,,
		ForeignExchangeTradingGains,"4,391,000,000","2,827,000,000","11,662,000,000","5,627,000,000","-3,312,000,000","2,902,000,000","4,646,000,000","-3,240,000,000","6,158,000,000","3,345,000,000","6,566,000,000","2,446,000,000",,,,,,,,,,,,,,
		GainLossonSaleofAssets,"0","0","0","0","0","0","0","0","0","0","0","0","0","0","0","0","0","0","0","0","0","8,555,000,000","4,063,000,000","6,254,000,000","6,528,000,000","5,758,000,000"
			GainOnSaleOfSecurity,"0","0","0","0","0","0","0","0","0","0","0","0","0","0","0","0","0","0","0","0","0","8,555,000,000","4,063,000,000","6,254,000,000","6,528,000,000","5,758,000,000"
		OtherNonInterestIncome,,,,"11,671,000,000","-1,000,000","-20,000,000","-160,000,000","-114,000,000","3,382,000,000","-34,000,000","6,588,000,000","6,993,000,000","-500,000,000","1,507,000,000","6,932,000,000","2,621,000,000","4,672,000,000","37,000,000","45,000,000","3,090,000,000","2,655,000,000","1,917,000,000","4,950,000,000","4,587,000,000","3,737,000,000","2,524,000,000"
CreditLossesProvision,"-1,184,000,000","-1,028,000,000","-2,715,000,000","-357,000,000","-3,098,000,000","-1,065,000,000","-674,000,000","-657,000,000","-182,000,000",,,,,,,"0","0",,,,,,,,,
NonInterestExpense,"34,203,000,000","32,794,000,000","30,274,000,000","31,795,000,000","25,392,000,000","23,658,000,000","22,617,000,000","17,877,000,000","17,082,000,000","18,456,000,000","18,556,000,000","19,166,000,000","20,300,000,000","20,004,000,000","23,133,000,000","22,342,000,000","16,617,000,000","25,588,000,000","21,075,000,000","15,512,000,000","13,000,000,000","11,567,000,000","10,733,000,000","12,115,000,000","11,570,000,000","11,353,000,000"
	OccupancyAndEquipment,"1,026,000,000","1,053,000,000","1,026,000,000","981,000,000","960,000,000","1,029,000,000","809,000,000","733,000,000","788,000,000","772,000,000","827,000,000","839,000,000","875,000,000","1,030,000,000","1,086,000,000","950,000,000","960,000,000","975,000,000","850,000,000","728,000,000","646,000,000","722,000,000","637,000,000","591,000,000","440,000,000","314,000,000"
		NetOccupancyExpense,"1,026,000,000","1,053,000,000","1,026,000,000","981,000,000","960,000,000","1,029,000,000","809,000,000","733,000,000","788,000,000","772,000,000","827,000,000","839,000,000","875,000,000","1,030,000,000","1,086,000,000","950,000,000","960,000,000","975,000,000","850,000,000","728,000,000","646,000,000",,,,,
	ProfessionalExpenseAndContractServicesExpense,"1,625,000,000","1,623,000,000","1,887,000,000","1,648,000,000","1,306,000,000","1,316,000,000","1,214,000,000","1,165,000,000","1,081,000,000","963,000,000","902,000,000","930,000,000","867,000,000","992,000,000","927,000,000","678,000,000","779,000,000","714,000,000","545,000,000","475,000,000","338,000,000",,,,,
	SellingGeneralAndAdministration,"17,232,000,000","16,128,000,000","15,960,000,000","18,272,000,000","13,710,000,000","13,092,000,000","13,068,000,000","12,241,000,000","11,905,000,000","13,235,000,000","13,240,000,000","13,330,000,000","14,051,000,000","13,392,000,000","16,304,000,000","16,535,000,000","11,144,000,000","20,791,000,000","16,949,000,000","12,136,000,000","10,055,000,000","7,657,000,000","7,050,000,000","8,106,000,000","8,279,000,000","6,823,000,000"
		GeneralAndAdministrativeExpense,"16,615,000,000","15,499,000,000","15,148,000,000","17,719,000,000","13,309,000,000","12,353,000,000","12,328,000,000","11,653,000,000","11,448,000,000","12,678,000,000","12,691,000,000","12,789,000,000","13,542,000,000","12,752,000,000","15,774,000,000","16,193,000,000","10,659,000,000","20,190,000,000","16,457,000,000","11,758,000,000","9,681,000,000","7,393,000,000","6,744,000,000","7,700,000,000","7,773,000,000","6,459,000,000"
			SalariesAndWages,"16,615,000,000","15,499,000,000","15,148,000,000","17,719,000,000","13,309,000,000","12,353,000,000","12,328,000,000","11,653,000,000","11,448,000,000","12,678,000,000","12,691,000,000","12,613,000,000","12,944,000,000","12,223,000,000","15,376,000,000","16,193,000,000","10,659,000,000","20,190,000,000","16,457,000,000","11,758,000,000","9,681,000,000","7,393,000,000","6,744,000,000","7,700,000,000","7,773,000,000","6,459,000,000"
			InsuranceAndClaims,,,,,,,,,,"0","0","176,000,000","598,000,000","529,000,000","398,000,000",,,,,,,,,,,
			OtherGandA,,,,,"5,488,000,000","4,680,000,000","4,515,000,000","897,000,000","809,000,000","806,000,000","779,000,000","776,000,000","782,000,000","828,000,000","758,000,000","709,000,000","759,000,000",,,,,,,,,
		SellingAndMarketingExpense,"617,000,000","629,000,000","812,000,000","553,000,000","401,000,000","739,000,000","740,000,000","588,000,000","457,000,000","557,000,000","549,000,000","541,000,000","509,000,000","640,000,000","530,000,000","342,000,000","485,000,000","601,000,000","492,000,000","378,000,000","374,000,000","264,000,000","306,000,000","406,000,000","506,000,000","364,000,000"
	DepreciationAmortizationDepletionIncomeStatement,"4,765,000,000","4,856,000,000","2,455,000,000","2,015,000,000","1,902,000,000","1,704,000,000","1,328,000,000","1,152,000,000","998,000,000","991,000,000","977,000,000","1,322,000,000","1,738,000,000","1,865,000,000","1,889,000,000","1,134,000,000","1,262,000,000","819,000,000","694,000,000","625,000,000","624,000,000",,,,,
		DepreciationAndAmortizationInIncomeStatement,"4,765,000,000","4,856,000,000","2,455,000,000","2,015,000,000","1,902,000,000","1,704,000,000","1,328,000,000","1,152,000,000","998,000,000","991,000,000","977,000,000","1,322,000,000","1,738,000,000","1,865,000,000","1,889,000,000","1,134,000,000","1,262,000,000","819,000,000","694,000,000","625,000,000","624,000,000",,,,,
	OtherNonInterestExpense,"9,555,000,000","9,134,000,000","8,946,000,000","8,879,000,000","7,514,000,000","6,517,000,000","6,198,000,000","2,586,000,000","2,310,000,000","2,495,000,000","2,610,000,000","2,745,000,000","2,769,000,000","2,725,000,000","2,927,000,000","3,045,000,000","2,472,000,000","2,289,000,000","2,037,000,000","1,548,000,000","1,337,000,000","3,188,000,000","3,046,000,000","3,418,000,000","2,851,000,000","4,216,000,000"
SpecialIncomeCharges,"-529,000,000","-1,693,000,000","-890,000,000","-143,000,000","-3,590,000,000","-1,220,000,000","-684,000,000","-74,000,000","-399,000,000","-3,976,000,000","-1,114,000,000","-962,000,000","-448,000,000","-175,000,000","-855,000,000","-704,000,000","-271,000,000","-37,000,000","-45,000,000","-37,000,000","-103,000,000","-11,000,000",,,,
	GainOnSaleOfBusiness,,,,,,,,,,,,"0","0",,,,,,,,,,,,,
	RestructuringAndMergernAcquisition,,,,,,,,,,,,,,,,,"275,000,000",,,,,,,,,
	ImpairmentOfCapitalAssets,"378,000,000","1,578,000,000","314,000,000","143,000,000","171,000,000",,,,,"81,000,000","360,000,000","216,000,000","400,000,000","220,000,000",,"600,000,000",,,,,,,,,,
	WriteOff,,,,,,,,,,"22,000,000",,,,"220,000,000","305,000,000","600,000,000",,,,,,,,,,
	LossonExtinguishmentofDebt,,,"0","0","-1,000,000","-20,000,000","-160,000,000","-114,000,000","3,000,000","-34,000,000","0",,,,,,,,,,,,,,,
	OtherSpecialCharges,"151,000,000","115,000,000","576,000,000","534,000,000","3,420,000,000","1,240,000,000","844,000,000","188,000,000","396,000,000","4,010,000,000","754,000,000","962,000,000","448,000,000","175,000,000","550,000,000","104,000,000","-4,000,000","37,000,000","45,000,000","37,000,000","103,000,000",,,,,
PretaxIncome,"14,163,000,000","10,739,000,000","13,486,000,000","27,044,000,000","12,479,000,000","10,583,000,000","12,481,000,000","11,132,000,000","10,304,000,000","8,778,000,000","12,357,000,000","11,737,000,000","11,207,000,000","6,169,000,000","12,892,000,000","19,829,000,000","2,336,000,000","17,604,000,000","14,560,000,000","8,273,000,000","6,676,000,000","4,445,000,000","3,253,000,000","3,696,000,000","5,020,000,000","1,992,000,000"
TaxProvision,"2,922,000,000","2,223,000,000","2,225,000,000","5,409,000,000","3,020,000,000","2,117,000,000","2,022,000,000","6,846,000,000","2,906,000,000","2,695,000,000","3,880,000,000","3,697,000,000","3,732,000,000","1,727,000,000","4,538,000,000","6,444,000,000","14,000,000","6,005,000,000","5,023,000,000","2,647,000,000","2,123,000,000","1,440,000,000","1,139,000,000","1,386,000,000","1,953,000,000","-716,000,000"
NetIncomeCommonStockholders,"10,571,000,000","7,907,000,000","10,764,000,000","21,151,000,000","8,915,000,000","7,897,000,000","9,860,000,000","3,685,000,000","7,087,000,000","5,568,000,000","8,077,000,000","7,726,000,000","7,292,000,000","2,510,000,000","7,713,000,000","12,192,000,000","2,041,000,000","11,407,000,000","9,398,000,000","5,609,000,000","4,553,000,000","3,005,000,000","2,114,000,000","2,310,000,000","3,067,000,000","2,708,000,000"
	NetIncome,"11,241,000,000","8,516,000,000","11,261,000,000","21,635,000,000","9,459,000,000","8,466,000,000","10,459,000,000","4,286,000,000","7,398,000,000","6,083,000,000","8,477,000,000","8,040,000,000","7,475,000,000","4,442,000,000","8,354,000,000","13,385,000,000","2,322,000,000","11,599,000,000","9,537,000,000","5,626,000,000","4,553,000,000","3,005,000,000","2,114,000,000","2,310,000,000","3,067,000,000","2,708,000,000"
		NetIncomeIncludingNoncontrollingInterests,"11,241,000,000","8,516,000,000","11,261,000,000","21,635,000,000","9,459,000,000","8,466,000,000","10,459,000,000","4,286,000,000","7,398,000,000","6,083,000,000","8,477,000,000","8,040,000,000","7,475,000,000","4,442,000,000","8,354,000,000","13,385,000,000","2,322,000,000","11,599,000,000","9,537,000,000","5,626,000,000","4,553,000,000","3,005,000,000","2,114,000,000","2,310,000,000","3,067,000,000","2,708,000,000"
			NetIncomeContinuousOperations,"11,241,000,000","8,516,000,000","11,261,000,000","21,635,000,000","9,459,000,000","8,466,000,000","10,459,000,000","4,286,000,000","7,398,000,000","6,083,000,000","8,477,000,000","8,040,000,000","7,475,000,000","4,442,000,000","8,354,000,000","13,385,000,000","2,322,000,000","11,599,000,000","9,537,000,000","5,626,000,000","4,553,000,000","3,005,000,000","2,114,000,000","2,310,000,000","3,067,000,000","2,708,000,000"
	PreferredStockDividends,"670,000,000","609,000,000","497,000,000","484,000,000","544,000,000","569,000,000","599,000,000","601,000,000","311,000,000","515,000,000","400,000,000","314,000,000","183,000,000","1,932,000,000","641,000,000","1,193,000,000","281,000,000","192,000,000","139,000,000","17,000,000",,,,,,
DilutedNIAvailtoComStockholders,"10,571,000,000","7,907,000,000","10,764,000,000","21,151,000,000","8,915,000,000","7,897,000,000","9,860,000,000","3,685,000,000","7,087,000,000","5,568,000,000","8,077,000,000","7,726,000,000","7,292,000,000","2,510,000,000","7,713,000,000","12,192,000,000","2,041,000,000","11,407,000,000","9,398,000,000","5,609,000,000","4,553,000,000","3,005,000,000","2,114,000,000","2,310,000,000","3,067,000,000","2,708,000,000"
BasicEPS,"31.49","23.05","30.42","60.25","24.94","21.18","25.53","9.12","16.53","12.35","17.55","16.34","14.63","4.71","14.15","23.74","4.67","26.34","20.93","11.73","9.3","6.15","4.27","4.53","6.33","5.69"
DilutedEPS,"31.17","22.87","30.06","59.45","24.74","21.03","25.27","9.01","16.29","12.14","17.07","15.46","14.13","4.51","13.18","22.13","4.47","24.73","19.69","11.21","8.92","5.87","4.03","4.26","6","5.57"
BasicAverageShares,"334,900,000","340,800,000","352,100,000","346,599,996","356,399,996","371,599,996","385,399,996","401,599,995","427,399,995","448,899,995","458,899,995","471,299,995","496,199,995","524,599,994","541,999,994","512,299,994","436,999,995","432,999,995","448,999,995","478,099,995","489,499,995","488,399,995","495,599,995","509,699,994","484,599,995","475,899,995"
DilutedAverageShares,"339,950,000","345,800,000","358,100,000","352,299,996","360,299,996","375,499,996","390,199,996","409,099,995","435,099,995","458,599,995","473,199,995","499,599,995","516,099,994","556,899,994","585,299,994","550,899,994","456,199,995","461,199,995","477,399,995","500,199,994","510,499,994","511,899,994","525,099,994","541,799,994","511,499,994","485,799,995"
InterestIncomeAfterProvisionForLoanLoss,"5,552,000,000","5,323,000,000","4,963,000,000","6,113,000,000","1,653,000,000","3,297,000,000","3,093,000,000","2,275,000,000","2,405,000,000","3,064,000,000","4,047,000,000","3,392,000,000","3,880,000,000","5,192,000,000","5,503,000,000","7,407,000,000","4,276,000,000","3,987,000,000","3,498,000,000","3,097,000,000","3,026,000,000","3,151,000,000","2,401,000,000","1,293,000,000","986,000,000","704,000,000"
NetIncomeFromContinuingAndDiscontinuedOperation,"11,241,000,000","8,516,000,000","11,261,000,000","21,635,000,000","9,459,000,000","8,466,000,000","10,459,000,000","4,286,000,000","7,398,000,000","6,083,000,000","8,477,000,000","8,040,000,000","7,475,000,000","4,442,000,000","8,354,000,000","13,385,000,000","2,322,000,000","11,599,000,000","9,537,000,000","5,626,000,000","4,553,000,000","3,005,000,000","2,114,000,000","2,310,000,000","3,067,000,000","2,708,000,000"
NormalizedIncome,"11,660,860,834.569","9,858,549,000","12,004,150,000","21,749,400,000","12,180,196,409.969","9,442,000,000","11,032,192,000","4,330,400,000","7,684,482,000","8,838,368,000","9,241,212,834.83","8,698,970,000","7,773,816,000","4,568,000,000","8,908,040,000","13,860,215,089.011","2,591,375,856.164","11,623,378,720.745","9,566,475,618.132","5,651,161,610.057","4,623,245,506.291","3,012,436,445.444","2,114,000,000","2,310,000,000","3,067,000,000","2,708,000,000"
TotalMoneyMarketInvestments,"29,779,000,000","27,354,000,000","7,701,000,000","-1,004,000,000","527,000,000","5,608,000,000","5,270,000,000","2,480,000,000","1,143,000,000","258,000,000","149,000,000","229,000,000","79,000,000","791,000,000","626,000,000","1,016,000,000","11,934,000,000","18,132,000,000","10,009,000,000",,,,,,,
ReconciledDepreciation,"3,565,000,000","4,856,000,000","2,455,000,000","2,015,000,000","1,902,000,000","1,704,000,000","1,328,000,000","1,152,000,000","998,000,000","991,000,000","1,337,000,000","1,322,000,000","1,738,000,000","1,869,000,000","1,904,000,000","1,943,000,000","1,625,000,000","1,167,000,000","995,000,000","854,000,000","845,000,000","1,145,000,000","744,000,000","873,000,000","486,000,000","337,000,000"
NetIncomeFromContinuingOperationNetMinorityInterest,"11,241,000,000","8,516,000,000","11,261,000,000","21,635,000,000","9,459,000,000","8,466,000,000","10,459,000,000","4,286,000,000","7,398,000,000","6,083,000,000","8,477,000,000","8,040,000,000","7,475,000,000","4,442,000,000","8,354,000,000","13,385,000,000","2,322,000,000","11,599,000,000","9,537,000,000","5,626,000,000","4,553,000,000","3,005,000,000","2,114,000,000","2,310,000,000","3,067,000,000","2,708,000,000"
TotalUnusualItemsExcludingGoodwill,"-529,000,000","-1,693,000,000","-890,000,000","-143,000,000","-3,590,000,000","-1,220,000,000","-684,000,000","-74,000,000","-399,000,000","-3,976,000,000","-1,114,000,000","-962,000,000","-448,000,000","-175,000,000","-855,000,000","-704,000,000","-271,000,000","-37,000,000","-45,000,000","-37,000,000","-103,000,000","-11,000,000",,,,
TotalUnusualItems,"-529,000,000","-1,693,000,000","-890,000,000","-143,000,000","-3,590,000,000","-1,220,000,000","-684,000,000","-74,000,000","-399,000,000","-3,976,000,000","-1,114,000,000","-962,000,000","-448,000,000","-175,000,000","-855,000,000","-704,000,000","-271,000,000","-37,000,000","-45,000,000","-37,000,000","-103,000,000","-11,000,000",,,,
TaxRateForCalcs,"0.206","0.207","0.165","0.2","0.242","0.2","0.162","0.4","0.282","0.307","0.314","0.315","0.333","0.28","0.352","0.325","0.006","0.341","0.345","0.32","0.318","0.324","0.35","0.375","0.389","0.4"
TaxEffectOfUnusualItems,"-109,139,165.431","-350,451,000","-146,850,000","-28,600,000","-868,803,590.031","-244,000,000","-110,808,000","-29,600,000","-112,518,000","-1,220,632,000","-349,787,165.17","-303,030,000","-149,184,000","-49,000,000","-300,960,000","-228,784,910.989","-1,624,143.836","-12,621,279.255","-15,524,381.868","-11,838,389.943","-32,754,493.709","-3,563,554.556","0","0","0","0"