name,ttm,12/31/2023,12/31/2022,12/31/2021,12/31/2020,12/31/2019,12/31/2018,12/31/2017,12/31/2016,12/31/2015,12/31/2014,12/31/2013,12/31/2012,12/31/2011,12/31/2010,12/31/2009,12/31/2008,12/31/2007,12/31/2006,12/31/2005,12/31/2004,12/31/2003,12/31/2002,12/31/2001,12/31/2000,12/31/1999,12/31/1998,12/31/1997,12/31/1996,12/31/1995,12/31/1994,12/31/1993,12/31/1992,12/31/1991,12/31/1990,12/31/1989,12/31/1988,12/31/1987,12/31/1986,12/31/1985
TotalRevenue,"16,459,000,000","15,678,000,000","14,050,000,000","13,727,000,000","13,667,000,000","14,727,000,000","14,044,000,000","13,735,000,000","13,105,000,000","13,415,000,000","14,325,000,000","14,613,000,000","14,072,000,000","14,129,000,000","14,615,000,000","14,117,000,000","13,247,000,000","14,302,000,000","17,911,000,000","16,017,800,000","15,242,300,000","16,293,000,000","17,463,900,000","18,736,200,000","20,633,000,000","21,465,200,000","21,296,000,000","20,138,800,000","20,442,400,000","18,677,400,000","13,515,200,000","13,686,777,000","13,691,500,000","13,620,300,000","12,636,900,000","11,436,700,000","10,865,300,000","9,323,700,000","8,626,000,000","6,322,100,000"
	TotalPremiumsEarned,"9,824,000,000","9,480,000,000","8,667,000,000","8,175,000,000","7,649,000,000","7,428,000,000","7,312,000,000","6,988,000,000","6,924,000,000","6,921,000,000","7,212,000,000","7,271,000,000","6,881,000,000","6,603,000,000","6,515,000,000","6,721,000,000","7,150,000,000","7,482,000,000","7,603,100,000","7,568,600,000","8,205,000,000","9,209,800,000","10,209,900,000","9,285,100,000","11,385,500,000","13,276,700,000","13,530,100,000","13,477,600,000","13,474,200,000","11,730,300,000","9,453,600,000","8,665,681,000","8,744,900,000","8,923,200,000","8,376,700,000","7,431,100,000",,,,
		NetPremiumsWritten,,,,,,,"7,312,000,000","6,988,000,000","6,924,000,000","6,921,000,000","7,212,000,000","7,271,000,000","6,881,000,000","6,603,000,000","6,515,000,000",,,,,,,,,,,,,,,,,,,,,,,,,
			GrossPremiumsWritten,,,,,,,"11,692,000,000","11,303,000,000","11,194,000,000","10,675,000,000","10,285,000,000","9,880,000,000","9,110,000,000","8,579,000,000","8,425,000,000",,,,,,,,,,,,,,,,,,,,,,,,,
			CededPremiums,,,,,,,"-4,380,000,000","-4,315,000,000","-4,270,000,000","-3,754,000,000","-3,073,000,000","-2,609,000,000","-2,229,000,000","-1,976,000,000","-1,910,000,000",,,,,,,,,,,,,,,,,,,,,,,,,
	NetInvestmentIncome,"2,318,000,000","2,217,000,000","1,872,000,000","1,890,000,000","1,858,000,000","2,140,000,000","1,804,000,000","2,168,000,000","2,054,000,000","1,710,000,000","2,086,000,000","2,349,000,000","2,027,000,000","1,847,000,000","2,276,000,000","2,499,000,000","1,581,000,000","2,785,000,000","2,911,100,000","2,098,800,000","1,869,300,000","1,732,100,000","1,866,900,000","2,144,900,000","2,387,900,000","2,332,500,000","2,408,300,000","2,442,000,000","2,477,700,000","2,211,500,000","1,671,300,000","1,377,754,000","1,991,600,000",,,,,,,
	NetRealizedGainLossOnInvestments,"-63,000,000","-98,000,000","-263,000,000","99,000,000","-25,000,000","60,000,000","-66,000,000","136,000,000","131,000,000","85,000,000","131,000,000","92,000,000","198,000,000","164,000,000","288,000,000","-853,000,000","-1,296,000,000","-276,000,000","91,500,000","-13,200,000","-256,000,000","581,900,000","-208,700,000","1,393,700,000","1,313,900,000","-158,200,000","135,700,000","-237,900,000","489,900,000","1,387,100,000","-447,000,000","862,797,000",,,,,,,,
	FeeRevenueAndOtherIncome,"4,380,000,000","4,079,000,000","3,774,000,000","3,563,000,000","4,185,000,000","5,099,000,000","4,994,000,000","4,443,000,000","3,996,000,000","4,699,000,000","4,896,000,000","4,901,000,000","4,966,000,000","5,515,000,000","5,536,000,000","5,750,000,000","5,812,000,000","4,311,000,000","7,305,300,000","6,363,600,000","5,424,000,000","4,937,200,000","7,254,000,000","9,451,100,000","9,247,500,000","6,014,200,000","5,221,900,000","4,457,100,000","4,000,600,000","3,348,500,000","2,837,300,000","2,780,545,000","2,955,000,000","4,697,100,000","4,260,200,000","4,005,600,000",,,,
		FeesAndCommissions,,,,,,,,,,,,,,"3,254,000,000","3,230,000,000","3,537,000,000","3,476,000,000","2,506,000,000",,,,,,,,,,,,,,,,,,,,,,
		OtherIncomeExpense,"4,380,000,000","4,079,000,000","3,774,000,000","3,563,000,000","4,185,000,000","5,099,000,000","4,994,000,000","4,443,000,000","3,996,000,000","4,699,000,000","4,896,000,000","4,901,000,000","4,966,000,000","5,515,000,000","5,536,000,000","2,213,000,000","5,812,000,000","1,805,000,000","7,305,300,000","6,363,600,000","5,424,000,000","4,937,200,000","7,254,000,000","9,451,100,000","9,247,500,000","6,014,200,000","5,221,900,000","4,457,100,000","4,000,600,000","3,348,500,000","2,837,300,000","2,780,545,000","2,955,000,000","4,697,100,000","4,260,200,000","4,005,600,000",,,,
TotalExpenses,"14,354,000,000","13,682,000,000","12,936,000,000","11,567,000,000","15,131,000,000","13,608,000,000","13,210,000,000","12,153,000,000","12,169,000,000","13,171,000,000","12,515,000,000","12,336,000,000","12,050,000,000","11,903,000,000","11,713,000,000","12,387,000,000","12,660,000,000","11,107,000,000","13,438,900,000","14,171,300,000","13,420,300,000","17,668,000,000","15,797,800,000","19,500,700,000","17,497,100,000","20,521,000,000","20,218,600,000","18,545,600,000","18,034,600,000","15,838,100,000","13,249,100,000","12,997,419,000","1,428,100,000","11,423,100,000","10,774,100,000","9,536,900,000","127,600,000","140,600,000","101,400,000","31,200,000"
	LossAdjustmentExpense,"7,325,000,000","7,068,000,000","6,653,000,000","6,371,000,000","6,170,000,000","5,806,000,000","5,572,000,000","5,310,000,000","5,283,000,000","5,384,000,000","5,591,000,000","5,806,000,000","5,729,000,000","5,489,000,000","4,985,000,000","5,290,000,000","5,723,000,000","6,009,000,000","6,046,200,000","6,998,700,000","6,445,600,000","9,915,600,000","8,392,000,000","11,382,800,000","9,831,100,000","11,890,300,000","11,846,900,000","11,268,500,000","11,370,500,000","9,951,700,000","9,246,400,000","9,271,536,000",,,,,,,,
		NetPolicyholderBenefitsAndClaims,"7,325,000,000","7,068,000,000","6,653,000,000","6,371,000,000","6,170,000,000","5,806,000,000","5,572,000,000","5,310,000,000","5,283,000,000","5,384,000,000","5,591,000,000","5,806,000,000","5,729,000,000","5,489,000,000","4,985,000,000","5,290,000,000","5,723,000,000","6,009,000,000","6,046,200,000","6,998,700,000","6,445,600,000","9,915,600,000","8,392,000,000","11,382,800,000","9,831,100,000","11,890,300,000","11,846,900,000","11,268,500,000","11,370,500,000","9,951,700,000","9,246,400,000","9,271,536,000",,,,,,,,
	PolicyAcquisitionExpense,"1,741,000,000","1,644,000,000","1,490,000,000","1,443,000,000","1,410,000,000","1,383,000,000","1,335,000,000","1,233,000,000","1,235,000,000","1,540,000,000","1,317,000,000","1,362,000,000","1,274,000,000","1,176,000,000","1,168,000,000","1,417,000,000",,"1,520,000,000","1,534,200,000","1,542,600,000","1,679,800,000","1,964,600,000","1,790,200,000","1,803,900,000","1,879,800,000","2,142,600,000","2,180,200,000","2,138,200,000","2,192,100,000","1,843,500,000","1,373,100,000","1,193,421,000",,"10,189,300,000","9,467,600,000","8,414,000,000",,,,
	SellingGeneralAndAdministration,,,,,,,,,,,,,,"1,549,000,000","1,391,000,000","1,224,000,000","1,185,000,000","1,004,000,000",,,,,,,,"3,981,600,000","4,257,500,000","3,592,200,000","3,161,900,000","2,796,300,000","1,525,600,000","1,506,049,000","1,279,300,000","1,070,200,000","1,134,900,000","992,000,000",,,,
		GeneralAndAdministrativeExpense,,,,,,,,,,,,,,,,,,,,,,,,,,"3,981,600,000","4,257,500,000","3,592,200,000","3,161,900,000","1,854,900,000","1,525,610,000","1,506,000,000","1,279,300,000","1,070,200,000","1,134,900,000","992,000,000",,,,
			SalariesAndWages,,,,,,,,,,,,,,,,,,,,,,,,,,"3,981,600,000","4,257,500,000","3,592,200,000","3,497,900,000","1,854,900,000","1,525,600,000","1,506,000,000","1,279,300,000","1,070,200,000","1,134,900,000","992,000,000",,,,
			OtherGandA,,,,,,,,,,,,,,,,,,,,,,,,,,,,,"-336,000,000",,"10,000",,,,,,,,,
		SellingAndMarketingExpense,,,,,,,,,,,,,,"1,549,000,000","1,391,000,000","1,224,000,000","1,185,000,000","1,004,000,000",,,,,,,,,,,,,,,,,,,,,,
	NetNonOperatingInterestIncomeExpense,"-407,000,000","-376,000,000","-378,000,000","-424,000,000","-515,000,000","-591,000,000","-574,000,000","-646,000,000","-536,000,000","-520,000,000","-498,000,000","-425,000,000","-426,000,000","-522,000,000","-517,000,000","-448,000,000","-345,000,000","-318,000,000","-304,100,000","-364,200,000","-324,100,000","-308,400,000","-309,600,000","-332,000,000","-356,900,000","-354,300,000","-369,200,000","-323,400,000","-318,000,000","-282,500,000","-174,600,000","-162,300,000","-148,800,000","-163,600,000","-171,600,000","-130,900,000","-127,600,000","-140,600,000","-101,400,000","-31,200,000"
		InterestExpenseNonOperating,"407,000,000","376,000,000","378,000,000","424,000,000","515,000,000","591,000,000","574,000,000","646,000,000","536,000,000","520,000,000","498,000,000","425,000,000","426,000,000","522,000,000","517,000,000","448,000,000","345,000,000","318,000,000","304,100,000","364,200,000","324,100,000","308,400,000","309,600,000","332,000,000","356,900,000","354,300,000","369,200,000","323,400,000","318,000,000","282,500,000","174,600,000","162,300,000","148,800,000","163,600,000","171,600,000","130,900,000","127,600,000","140,600,000","101,400,000","31,200,000"
	IncomefromAssociatesandOtherParticipatingInterests,"375,000,000","343,000,000","133,000,000","401,000,000","54,000,000","204,000,000","22,000,000",,,,,,,,,,,,,,,,,,,,,,,,,,,,,,,,,
	SpecialIncomeCharges,,,,"555,000,000","-1,211,000,000",,,,,,,"-636,000,000",,,"0","-1,036,000,000","-1,173,000,000","0","-12,900,000",,"0","0","36,800,000","-251,000,000",,"-83,000,000",,,,,,,,,,,,,,
		RestructuringAndMergernAcquisition,,,,,,,,,,,,,,,,,"0","0","12,900,000",,"0","0","36,800,000","251,000,000",,"83,000,000",,,,,,,,,,,,,,
		ImpairmentOfCapitalAssets,,,,,,,,,,,,"636,000,000",,,,"1,036,000,000","1,173,000,000","0",,,,,,,,,,,,,,,,,,,,,,
		OtherSpecialCharges,,,,"-555,000,000","1,211,000,000",,,,,,,,,,,,,,,,,,"-73,600,000",,,,,,,,,,,,,,,,,
	OtherOperatingExpenses,"5,210,000,000","4,937,000,000","4,548,000,000","4,285,000,000","5,879,000,000","6,032,000,000","5,751,000,000","4,964,000,000","5,115,000,000","5,727,000,000","5,109,000,000","4,743,000,000","4,621,000,000","4,716,000,000","5,043,000,000","2,972,000,000","5,419,000,000","3,776,000,000","5,541,500,000","5,265,800,000","4,970,800,000","5,650,800,000","15,525,000,000","18,917,700,000","17,140,200,000","6,050,800,000","1,564,800,000","1,223,300,000","992,100,000","1,246,600,000","1,104,000,000","1,026,413,000",,,,,,,,
PretaxIncome,"2,105,000,000","1,996,000,000","1,114,000,000","2,160,000,000","-1,464,000,000","1,119,000,000","834,000,000","1,582,000,000","936,000,000","244,000,000","1,810,000,000","2,277,000,000","2,022,000,000","2,226,000,000","2,902,000,000","1,730,000,000","587,000,000","3,195,000,000","4,472,100,000","1,846,500,000","1,822,000,000","-1,375,000,000","1,666,100,000","-764,500,000","3,135,900,000","944,200,000","1,077,400,000","1,593,200,000","2,407,800,000","2,839,300,000","266,100,000","689,358,000","0","0","0","0","0","0","0","0"
TaxProvision,"472,000,000","451,000,000","223,000,000","475,000,000","-173,000,000","248,000,000","128,000,000","170,000,000","220,000,000","-43,000,000","457,000,000","656,000,000","513,000,000","532,000,000","894,000,000","345,000,000","7,000,000","995,000,000","1,450,700,000","490,400,000","533,800,000","-534,100,000","579,800,000","-178,400,000","1,089,700,000","-305,500,000","-354,500,000","-495,300,000","-791,400,000","-945,300,000","9,000,000","-46,567,000","-388,700,000","217,500,000","59,000,000","-68,500,000","325,900,000","-36,000,000","55,800,000","60,200,000"
EarningsFromEquityInterestNetOfTax,,,,,,,,,,,,,,,,,"-762,000,000","-613,000,000","-504,400,000","-163,200,000","-56,900,000","709,000,000","-107,700,000","75,700,000","-210,700,000","-728,600,000","-967,100,000","-1,294,900,000","-1,815,300,000","-2,018,900,000","10,727,000","-141,804,000","-410,800,000","1,121,800,000","863,700,000","838,600,000","1,216,300,000","620,400,000","601,300,000","562,800,000"
NetIncomeCommonStockholders,"1,525,000,000","1,434,000,000","822,000,000","1,562,000,000","-931,000,000","932,000,000","636,000,000","1,164,000,000","654,000,000","260,000,000","591,000,000","595,000,000","568,000,000","1,062,000,000","1,289,000,000","564,000,000","4,530,000,000","2,489,000,000","2,491,300,000","960,300,000","1,046,800,000","-712,000,000","912,000,000","-553,800,000","1,848,600,000","363,200,000","464,800,000","793,600,000","1,383,900,000","1,765,700,000","267,800,000","594,121,000","122,600,000","904,300,000","804,700,000","907,100,000","908,500,000","696,200,000","545,500,000","589,000,000"
	NetIncome,"1,525,000,000","1,434,000,000","822,000,000","1,562,000,000","-931,000,000","932,000,000","636,000,000","1,164,000,000","654,000,000","260,000,000","591,000,000","595,000,000","568,000,000","1,062,000,000","1,289,000,000","564,000,000","4,530,000,000","2,489,000,000","2,491,300,000","1,211,600,000","1,231,300,000","-597,000,000","912,000,000","-553,800,000","1,848,600,000","363,200,000","464,800,000","793,600,000","1,383,900,000","1,765,700,000","267,800,000","594,121,000","122,600,000","904,300,000","804,700,000","907,100,000","908,500,000","696,200,000","545,500,000","589,000,000"
		NetIncomeIncludingNoncontrollingInterests,"1,633,000,000","1,545,000,000","891,000,000","1,685,000,000","-1,291,000,000","871,000,000","706,000,000","1,412,000,000","716,000,000","287,000,000","962,000,000","1,069,000,000","1,110,000,000","1,694,000,000","1,988,000,000","1,383,000,000","5,293,000,000","3,102,000,000","1,986,900,000","1,048,400,000","1,174,400,000","-597,000,000","829,700,000","-450,800,000","1,631,300,000","245,600,000","206,700,000","489,300,000","1,151,400,000","1,637,400,000","260,500,000","545,451,000","230,300,000","794,900,000","736,600,000","793,800,000","908,500,000","696,200,000","545,500,000","589,000,000"
			NetIncomeContinuousOperations,"1,633,000,000","1,545,000,000","891,000,000","1,685,000,000","-1,291,000,000","871,000,000","706,000,000","1,412,000,000","716,000,000","287,000,000","1,353,000,000","1,621,000,000","1,509,000,000","1,694,000,000","2,008,000,000","1,385,000,000","580,000,000","1,587,000,000","2,517,000,000","1,192,900,000","1,231,300,000","-666,000,000","978,600,000","-510,400,000","1,835,500,000","521,100,000","464,800,000","793,600,000","1,383,900,000","1,637,400,000","260,500,000","594,121,000","-22,100,000","904,300,000","804,700,000","907,100,000","890,400,000","656,400,000","545,500,000","502,600,000"
			NetIncomeDiscontinuousOperations,,,,,,,,,,,"-391,000,000","-552,000,000","-399,000,000",,"-20,000,000","-2,000,000","4,713,000,000","902,000,000","-25,700,000","18,700,000","0","69,000,000","-27,000,000","9,900,000","13,100,000",,,,,,,,,,,,"18,100,000","39,800,000",,"86,400,000"
			NetIncomeExtraordinary,,,,,,,,,,,,,,,,,,,,,"0","0","-39,600,000","-53,300,000","0","-157,900,000","0",,,,,,"144,700,000",,,,,,,
		MinorityInterests,"-108,000,000","-111,000,000","-69,000,000","-123,000,000","360,000,000","61,000,000","-70,000,000","-248,000,000","-62,000,000","-27,000,000","-371,000,000","-474,000,000","-542,000,000","-632,000,000","-699,000,000","-819,000,000","-763,000,000","-613,000,000","504,400,000","163,200,000","56,900,000","-178,200,000","82,300,000","-103,000,000","217,300,000","117,600,000","258,100,000","304,300,000","232,500,000","128,300,000","7,300,000","48,670,000","-107,700,000","109,400,000","68,100,000","113,300,000",,,,
	PreferredStockDividends,,,,,,,,,,,,,,,,,,"533,000,000",,"251,300,000","184,500,000",,,,,,,,,,,,,,,,,,,
	OtherunderPreferredStockDividend,,,,,,,,,,,,,,,,,,,,,,"115,000,000",,,,,,,,,,,,,,,,,,
DilutedNIAvailtoComStockholders,"1,525,000,000","1,434,000,000","822,000,000","1,562,000,000","-931,000,000","932,000,000","636,000,000","1,164,000,000","654,000,000","260,000,000","591,000,000","595,000,000","568,000,000","1,062,000,000","1,289,000,000","564,000,000","4,530,000,000","2,489,000,000","2,491,300,000","960,300,000","1,046,800,000","-712,000,000","912,000,000","-553,800,000","1,848,600,000","363,200,000","464,800,000","793,600,000","1,383,900,000","1,765,700,000","267,800,000","594,121,000","122,600,000","904,300,000","804,700,000","907,100,000","908,500,000","696,200,000","545,500,000","589,000,000"
BasicEPS,"6.83","6.3","3.39","6.02","-3.32","3.08","1.99","3.46","1.93","0.765","1.585","1.53","1.44","2.686","3.08","1.3","9.05","3.66","3.75","1.723","1.88","-1.28","1.639","-0.964","3.1","0.558","0.677","1.15","1.985","2.497","0.37","0.773","0.153","1.096","0.919","1.006","0.996","0.746","0.559","0.606"
DilutedEPS,"6.82","6.29","3.38","6","-3.32","3.07","1.99","3.45","1.93","0.72","1.55","1.53","1.43","2.63","3.07","1.3","9.05","3.65","3.75","1.72","1.88","-1.28","1.639","-0.964","3.1","0.558","0.677","1.15","1.985","2.497","0.37","0.773","0.153","1.096","0.919","1.006","0.996","0.746","0.559","0.606"
BasicAverageShares,"223,195,000","227,480,000","242,830,000","259,670,000","280,320,000","302,700,000","319,060,000","336,610,000","337,950,000","339,897,547","372,934,540","388,640,000","395,120,000","396,200,826","418,720,000","432,810,000","477,230,000","534,790,000","552,680,000","557,100,000","556,500,000","556,350,000","564,930,000","574,470,000","591,690,000","650,507,463","686,896,552","690,086,957","697,178,841","707,222,964","723,783,784","769,088,673","800,365,583","825,415,081","875,549,463","901,994,710","912,450,912","933,344,058","975,082,225","971,850,972"
DilutedAverageShares,"223,525,000","227,810,000","243,280,000","260,200,000","280,320,000","303,350,000","319,930,000","337,500,000","338,310,000","362,690,000","382,550,000","389,510,000","395,870,000","405,320,000","419,520,000","433,450,000","477,230,000","536,000,000","553,540,000","557,970,000","556,500,000","556,350,000","564,930,000","587,067,138","591,690,000","666,666,667","689,454,160","690,086,957","699,121,252","707,820,985","726,495,726","773,146,027","800,365,583","825,415,081","875,549,463","901,994,710","912,450,912","933,344,058","975,082,225","971,850,972"
NetIncomeFromContinuingAndDiscontinuedOperation,"1,525,000,000","1,434,000,000","822,000,000","1,562,000,000","-931,000,000","932,000,000","636,000,000","1,164,000,000","654,000,000","260,000,000","591,000,000","595,000,000","568,000,000","1,062,000,000","1,289,000,000","564,000,000","4,530,000,000","2,489,000,000","2,491,300,000","1,211,600,000","1,231,300,000","-597,000,000","951,600,000","-500,500,000","1,848,600,000","521,100,000","464,800,000","793,600,000","1,383,900,000","1,765,700,000","267,800,000","594,121,000","-22,100,000","904,300,000","804,700,000","907,100,000","908,500,000","696,200,000","545,500,000","589,000,000"
NormalizedIncome,"1,560,685,510.689","1,434,000,000","822,000,000","1,129,048,611.111","136,896,857.923","932,000,000","636,000,000","1,164,000,000","654,000,000","260,000,000","982,000,000","1,147,000,000","967,000,000","1,062,000,000","1,309,000,000","1,395,398,843.931","976,011,925.043","1,587,000,000","2,525,715,382.035","1,192,900,000","1,231,300,000","-666,000,000","954,606,338.155","-317,972,138.653","1,835,500,000","570,900,000","464,800,000","793,600,000","1,383,900,000","1,765,700,000","267,800,000","594,121,000","-22,100,000","904,300,000","804,700,000","907,100,000","890,400,000","656,400,000","545,500,000","502,600,000"
EBIT,"2,512,000,000","2,372,000,000","1,492,000,000","2,584,000,000","-949,000,000","1,710,000,000","1,408,000,000","2,228,000,000","1,472,000,000","764,000,000","2,308,000,000","2,702,000,000","2,448,000,000","2,748,000,000","3,419,000,000","2,178,000,000","932,000,000","3,513,000,000","4,776,200,000","2,210,700,000","2,146,100,000","-1,070,000,000","1,975,700,000","-432,500,000","3,492,800,000","1,298,500,000","1,446,600,000","1,916,600,000","2,725,800,000","3,121,800,000","440,748,000","162,300,000","148,800,000","163,600,000","171,600,000","130,900,000","127,600,000","140,600,000","101,400,000","31,200,000"
ReconciledDepreciation,,"538,000,000","509,000,000","515,000,000","734,000,000","943,000,000","912,000,000","874,000,000","841,000,000","955,000,000","899,000,000","871,000,000","905,000,000","833,000,000","816,000,000","784,000,000","393,000,000","205,000,000","-8,000,000","174,500,000","329,300,000","192,000,000","139,000,000","58,700,000","-13,900,000","395,300,000","437,000,000","341,700,000","285,000,000","225,800,000","160,700,000","135,101,000","11,000,000","-45,000,000","-24,800,000","-235,500,000",,,,
NetIncomeFromContinuingOperationNetMinorityInterest,"1,525,000,000","1,434,000,000","822,000,000","1,562,000,000","-931,000,000","932,000,000","636,000,000","1,164,000,000","654,000,000","260,000,000","982,000,000","1,147,000,000","967,000,000","1,062,000,000","1,309,000,000","566,000,000","-183,000,000","1,587,000,000","2,517,000,000","1,192,900,000","1,231,300,000","-666,000,000","978,600,000","-510,400,000","1,835,500,000","521,100,000","464,800,000","793,600,000","1,383,900,000","1,765,700,000","267,800,000","594,121,000","-22,100,000","904,300,000","804,700,000","907,100,000","890,400,000","656,400,000","545,500,000","502,600,000"
TotalUnusualItemsExcludingGoodwill,"-46,000,000",,,"555,000,000","-1,211,000,000",,,,,,,"-636,000,000",,,"0","-1,036,000,000","-1,173,000,000","0","-12,900,000",,"0","0","36,800,000","-251,000,000",,"-83,000,000",,,,,,,,,,,,,,
TotalUnusualItems,"-46,000,000",,,"555,000,000","-1,211,000,000",,,,,,,"-636,000,000",,,"0","-1,036,000,000","-1,173,000,000","0","-12,900,000",,"0","0","36,800,000","-251,000,000",,"-83,000,000",,,,,,,,,,,,,,
TaxRateForCalcs,"0.224","0.226","0.2","0.22","0.118","0.222","0.153","0.107","0.235","0.4","0.252","0.288","0.254","0.239","0.308","0.199","0.012","0.311","0.324","0.266","0.293","0","0.348","0.233","0.347","0.4","0.4","0.4","0.4","0.4","0.034","0.4","0","0","0","0","0","0","0","0"
TaxEffectOfUnusualItems,"-10,314,489.311","0","0","122,048,611.111","-143,103,142.077","0","0","0","0","0","0","0","0","0","0","-206,601,156.069","-13,988,074.957","0","-4,184,617.965","0","0","0","12,806,338.155","-58,572,138.653","0","-33,200,000","0","0","0","0","0","0","0","0","0","0","0","0","0","0"
InterestExpense,"407,000,000","376,000,000","378,000,000","424,000,000","515,000,000","591,000,000","574,000,000","646,000,000","536,000,000","520,000,000","498,000,000","425,000,000","426,000,000","522,000,000","517,000,000","448,000,000","345,000,000","318,000,000","304,100,000","364,200,000","324,100,000","308,400,000","309,600,000","332,000,000","356,900,000","354,300,000","369,200,000","323,400,000","318,000,000","282,500,000","174,600,000","162,300,000","148,800,000","163,600,000","171,600,000","130,900,000","127,600,000","140,600,000","101,400,000","31,200,000"