name,ttm,12/31/2023,12/31/2022,12/31/2021,12/31/2020,12/31/2019,12/31/2018,12/31/2017,12/31/2016,12/31/2015,12/31/2014,12/31/2013,12/31/2012,12/31/2011,12/31/2010,12/31/2009,12/31/2008,12/31/2007,12/31/2006,12/31/2005,12/31/2004,12/31/2003,12/31/2002,12/31/2001,12/31/2000,12/31/1999,12/31/1998
TotalRevenue,"6,555,000,000",,"5,468,000,000","6,218,000,000","5,371,000,000","4,829,000,000","4,443,000,000","4,204,000,000","3,604,200,000","3,484,500,000","3,334,300,000","2,972,500,000","2,730,300,000","2,280,700,000","2,032,000,000","1,797,200,000","1,755,400,000","2,259,000,000","2,037,100,000","1,731,600,000","1,438,300,000","1,246,600,000","1,023,300,000","796,700,000","602,300,000","564,200,000","513,900,000"
	OperatingRevenue,"6,555,000,000",,"5,468,000,000","6,218,000,000","5,371,000,000","4,829,000,000","4,443,000,000","4,204,000,000","3,604,200,000","3,484,500,000","3,334,300,000","2,972,500,000","2,730,300,000","2,280,700,000","2,032,000,000","1,797,200,000","1,755,400,000","2,259,000,000","2,037,100,000","1,731,600,000","1,438,300,000","1,246,600,000","1,023,300,000","796,700,000","602,300,000","564,200,000","513,900,000"
CostOfRevenue,,,"1,613,000,000","1,637,000,000","1,475,000,000","1,387,000,000","1,246,000,000","1,216,000,000","1,019,600,000","976,300,000","930,300,000","822,400,000","795,000,000","683,500,000","604,800,000","532,400,000","493,300,000","584,000,000","539,400,000","452,900,000","375,400,000","347,300,000","285,300,000","239,600,000","189,600,000","183,600,000","177,300,000"
GrossProfit,,,"3,855,000,000","4,581,000,000","3,896,000,000","3,442,000,000","3,197,000,000","2,988,000,000","2,584,600,000","2,508,200,000","2,404,000,000","2,150,100,000","1,935,300,000","1,597,200,000","1,427,200,000","1,264,800,000","1,262,100,000","1,675,000,000","1,497,700,000","1,278,700,000","1,062,900,000","899,300,000","738,000,000","557,100,000","412,700,000","380,600,000","336,600,000"
OperatingExpense,"3,828,000,000","3,657,000,000","3,447,000,000","3,365,000,000","2,924,000,000","2,736,000,000","2,508,000,000","2,352,000,000","2,068,600,000","1,028,400,000","958,500,000","896,300,000","832,900,000","1,385,900,000","1,259,100,000","559,800,000","516,400,000","494,000,000","238,200,000","339,100,000","276,500,000","236,200,000","199,900,000","158,600,000","124,200,000","110,200,000","111,100,000"
	SellingGeneralAndAdministration,"1,657,000,000","1,597,000,000","1,503,000,000","1,471,000,000","1,229,000,000","1,149,000,000","1,070,000,000","978,000,000","923,900,000","921,300,000","869,300,000","822,100,000","752,200,000","629,600,000","588,000,000","495,700,000","441,300,000","451,100,000","359,300,000","303,900,000","242,400,000","203,600,000","175,300,000","141,600,000","107,600,000","97,200,000","95,700,000"
		GeneralAndAdministrativeExpense,"1,657,000,000","1,597,000,000","1,503,000,000","1,471,000,000","1,229,000,000","1,149,000,000","1,070,000,000","978,000,000","923,900,000","921,300,000","869,300,000","822,100,000","752,200,000","629,600,000","588,000,000",,,,,,,,,,,,
			SalariesAndWages,"-33,000,000","-35,000,000","-24,000,000","-9,000,000","-13,000,000","-18,000,000","-10,000,000","-8,000,000","-7,300,000",,,,,,,,,,,,,,,,,,
			OtherGandA,"1,690,000,000","1,632,000,000","1,527,000,000","1,480,000,000","1,229,000,000","1,167,000,000","1,080,000,000","986,000,000","931,200,000","921,300,000","869,300,000","822,100,000","752,200,000","629,600,000","588,000,000",,,,,,,,,,,,
	DepreciationAmortizationDepletionIncomeStatement,"402,000,000",,"331,000,000","257,000,000","220,000,000","200,000,000","192,000,000","158,000,000","126,700,000","113,500,000","95,600,000","93,400,000","93,500,000","79,200,000","66,300,000","64,100,000","75,100,000","42,900,000","39,500,000","35,200,000","34,100,000","32,600,000","24,600,000","17,000,000","16,600,000","13,000,000","15,400,000"
		DepreciationAndAmortizationInIncomeStatement,"402,000,000",,"331,000,000","257,000,000","220,000,000","200,000,000","192,000,000","158,000,000","126,700,000","113,500,000","95,600,000","93,400,000","93,500,000","79,200,000","66,300,000","64,100,000","75,100,000","42,900,000","39,500,000","35,200,000","34,100,000","32,600,000","24,600,000","17,000,000","16,600,000","13,000,000","15,400,000"
	OtherTaxes,,,,,,,"0","0","-1,600,000","-6,400,000","-6,400,000","-19,200,000","-12,800,000","-6,400,000","0",,,,,,,,,,,,
	OtherOperatingExpenses,"1,769,000,000",,,,,,"1,246,000,000","1,216,000,000","1,019,600,000",,,,,,,,,,"-160,600,000",,,,,,,,
OperatingIncome,"2,727,000,000","2,259,000,000","2,021,000,000","2,853,000,000","2,447,000,000","2,093,000,000","1,935,000,000","1,852,000,000","1,535,600,000","1,479,800,000","1,445,500,000","1,253,800,000","1,102,400,000","894,800,000","772,900,000","705,000,000","745,700,000","1,181,000,000","1,259,500,000","939,600,000","786,400,000","663,100,000","538,100,000","398,500,000","288,500,000","270,400,000","225,500,000"
NetNonOperatingInterestIncomeExpense,"-257,000,000",,"-231,000,000","-171,000,000","-205,000,000","-208,000,000","-215,000,000","-209,000,000","-157,300,000","-115,100,000","-116,800,000","-91,800,000","-63,800,000","-62,100,000","-52,500,000","-33,400,000","-41,200,000",,,,,,,,,,
	InterestIncomeNonOperating,"77,000,000",,"15,000,000","30,000,000","11,000,000","17,000,000","15,000,000","16,000,000","10,900,000","9,700,000","6,700,000","5,500,000","5,200,000","5,300,000","3,100,000","2,500,000","29,100,000",,,,,,,,,,
	InterestExpenseNonOperating,"334,000,000",,"246,000,000","171,000,000","205,000,000","225,000,000","230,000,000","225,000,000","168,200,000","124,800,000","123,500,000","97,300,000","69,000,000","67,400,000","55,600,000","35,900,000","70,300,000",,,,,,,,,,
OtherIncomeExpense,"-62,000,000","-73,000,000","-30,000,000","73,000,000","-13,000,000","-75,000,000","-48,000,000","144,000,000","-820,300,000","14,900,000","132,300,000","7,300,000","-14,600,000","7,100,000","-6,000,000","-25,400,000","25,300,000","-40,000,000","158,600,000","-9,900,000","1,100,000","15,100,000","500,000","-100,000","-900,000","8,500,000","12,400,000"
	GainOnSaleOfSecurity,"5,000,000",,"-24,000,000","-1,000,000","2,000,000","-18,000,000","-11,000,000","94,000,000","50,100,000","1,100,000","20,300,000",,"-5,900,000","2,600,000","-5,100,000",,,,,,,,,,,,
	EarningsFromEquityInterest,"18,000,000",,"17,000,000","60,000,000","6,000,000","13,000,000","14,000,000","13,000,000","11,400,000","11,800,000","9,600,000","8,800,000","4,800,000","6,800,000","2,800,000","6,100,000","3,900,000",,,,,,,,,,
	SpecialIncomeCharges,"-85,000,000",,"-44,000,000","0","-59,000,000","-77,000,000","-57,000,000","37,000,000","-875,800,000","0","102,800,000","0","-12,200,000","0","-100,000","-25,400,000","21,400,000","-40,000,000","158,600,000","-9,900,000","1,100,000","15,100,000","500,000","-100,000","-900,000","8,500,000","12,400,000"
		RestructuringAndMergernAcquisition,"85,000,000",,"114,000,000","0","50,000,000","63,000,000","57,000,000","23,000,000","12,000,000","0","-102,800,000","0","0","0","100,000","17,500,000","-2,500,000","50,000,000",,,,,,,,,
		ImpairmentOfCapitalAssets,,,,,,,,,,,"0","0","12,200,000","0","0",,,,,,,,,,,,
		OtherSpecialCharges,,,"-70,000,000",,,,,,"863,800,000",,,,,"-13,500,000","5,900,000","7,900,000","-18,900,000","-10,000,000",,,,,,,,,
		GainOnSaleOfBusiness,,,"0","0","-9,000,000","-14,000,000","0","60,000,000","0","0",,,,,,,,,,,,,,,,,
	OtherNonOperatingIncomeExpenses,"0","11,000,000","21,000,000","14,000,000","46,000,000","7,000,000","6,000,000","-1,200,000","-6,000,000","2,000,000","-400,000","-1,500,000","-1,300,000","-2,300,000","-3,600,000",,,,,,,,,,,,
PretaxIncome,"2,408,000,000",,"1,760,000,000","2,755,000,000","2,229,000,000","1,810,000,000","1,672,000,000","1,787,000,000","558,000,000","1,379,600,000","1,461,000,000","1,169,300,000","1,024,000,000","839,800,000","714,400,000","646,200,000","729,800,000","1,116,700,000","1,260,500,000","934,700,000","771,300,000","656,400,000","517,400,000","381,900,000","284,000,000","278,900,000","237,900,000"
TaxProvision,"548,000,000",,"386,000,000","541,000,000","452,000,000","381,000,000","352,000,000","779,000,000","282,200,000","430,000,000","455,000,000","353,400,000","324,300,000","261,800,000","201,000,000","239,100,000","268,200,000","415,200,000","506,600,000","373,900,000","346,200,000","292,500,000","228,500,000","169,700,000","125,500,000","123,300,000","95,900,000"
NetIncomeCommonStockholders,"1,858,000,000",,"1,374,000,000","2,214,000,000","1,778,000,000","1,422,000,000","1,310,000,000","1,001,000,000","266,600,000","941,300,000","988,700,000","804,500,000","690,000,000","571,400,000","507,800,000","402,000,000","457,600,000","701,500,000","753,900,000","560,800,000","425,100,000","363,900,000","288,900,000","212,200,000","158,500,000","155,600,000","142,000,000"
	NetIncome,"1,858,000,000",,"1,374,000,000","2,214,000,000","1,778,000,000","1,422,000,000","1,310,000,000","1,001,000,000","266,600,000","941,300,000","988,700,000","804,500,000","690,000,000","571,400,000","507,800,000","402,000,000","457,600,000","701,500,000","753,900,000","560,800,000","425,100,000","363,900,000","288,900,000","212,200,000","158,500,000","155,600,000","142,000,000"
		NetIncomeIncludingNoncontrollingInterests,"1,860,000,000",,"1,374,000,000","2,214,000,000","1,777,000,000","1,429,000,000","1,320,000,000","1,008,000,000","275,800,000","949,600,000","1,006,000,000","815,900,000","699,700,000","578,000,000","513,400,000","407,100,000","461,600,000","701,500,000","753,900,000","560,800,000","425,100,000","363,900,000","288,900,000","212,200,000","158,500,000","155,600,000","142,000,000"
			NetIncomeContinuousOperations,"1,860,000,000",,"1,374,000,000","2,214,000,000","1,777,000,000","1,429,000,000","1,320,000,000","1,008,000,000","275,800,000","949,600,000","1,006,000,000","815,900,000","699,700,000","578,000,000","513,400,000","407,100,000","461,600,000","701,500,000","753,900,000","560,800,000","425,100,000","363,900,000","288,900,000","212,200,000","158,500,000","155,600,000","142,000,000"
			NetIncomeDiscontinuousOperations,,,,,,,,,,,,,,,,,,,,,,,,,,,"33,700,000"
		MinorityInterests,"-2,000,000",,"0","0","1,000,000","-7,000,000","-10,000,000","-7,000,000","-9,200,000","-8,300,000","-17,300,000","-11,400,000","-9,700,000","-6,600,000","-5,600,000","-5,100,000","-4,000,000",,,,,,,,,"-22,400,000",
DilutedNIAvailtoComStockholders,"1,858,000,000",,"1,374,000,000","2,214,000,000","1,778,000,000","1,422,000,000","1,310,000,000","1,001,000,000","266,600,000","941,300,000","988,700,000","804,500,000","690,000,000","571,400,000","507,800,000","402,000,000","457,600,000","701,500,000","753,900,000","560,800,000","425,100,000","363,900,000","288,900,000","212,200,000","158,500,000","155,600,000","142,000,000"
BasicEPS,"10.17","8.77","7.47","11.88","9.48","7.51","6.84","5.24","1.38","4.7","4.69","3.67","3.09","2.52","2.16","1.7","1.89","2.63","2.65","1.88","1.43","1.22","0.94","0.675","0.49","0.48","0.825"
DilutedEPS,"10.12","8.73","7.44","11.78","9.39","7.42","6.74","5.15","1.36","4.63","4.61","3.6","3.05","2.49","2.15","1.69","1.87","2.58","2.58","1.84","1.4","1.19","0.915","0.66","0.485","0.475","0.815"
BasicAverageShares,"182,750,000","183,200,000","183,900,000","186,400,000","187,600,000","189,300,000","191,600,000","191,100,000","192,700,000","200,100,000","210,700,000","219,400,000","223,200,000","226,300,000","235,000,000","236,100,000","242,400,000","266,400,000","284,200,000","297,700,000","297,000,000","297,800,000","307,800,000","315,200,000","323,400,000","324,600,000","338,984,000"
DilutedAverageShares,"183,550,000","184,000,000","184,700,000","187,900,000","189,300,000","191,600,000","194,400,000","194,200,000","195,400,000","203,400,000","214,700,000","223,500,000","226,600,000","229,400,000","236,600,000","237,800,000","245,300,000","272,200,000","291,900,000","305,600,000","304,700,000","304,600,000","315,000,000","320,400,000","326,000,000","328,600,000","343,406,000"
TotalOperatingIncomeAsReported,"2,609,000,000",,"1,883,000,000","2,844,000,000","2,388,000,000","1,998,000,000","1,868,000,000","1,821,000,000","650,900,000","1,473,400,000","1,439,100,000","1,234,600,000","1,077,400,000","888,400,000","772,800,000","687,500,000","748,200,000","1,131,000,000","1,259,500,000","939,600,000","786,400,000","663,100,000","538,100,000","398,500,000","288,500,000","270,400,000","225,500,000"
TotalExpenses,"3,828,000,000","3,657,000,000","3,447,000,000","3,365,000,000","2,924,000,000","2,736,000,000","2,508,000,000","2,352,000,000","2,068,600,000","2,004,700,000","1,888,800,000","1,718,700,000","1,627,900,000","1,385,900,000","1,259,100,000","1,092,200,000","1,009,700,000","1,078,000,000","777,600,000","792,000,000","651,900,000","583,500,000","485,200,000","398,200,000","313,800,000","293,800,000","288,400,000"
NetIncomeFromContinuingAndDiscontinuedOperation,"1,858,000,000",,"1,374,000,000","2,214,000,000","1,778,000,000","1,422,000,000","1,310,000,000","1,001,000,000","266,600,000","941,300,000","988,700,000","804,500,000","690,000,000","571,400,000","507,800,000","402,000,000","457,600,000","701,500,000","753,900,000","560,800,000","425,100,000","363,900,000","288,900,000","212,200,000","158,500,000","155,600,000","142,000,000"
NormalizedIncome,"1,919,794,019.934","1,692,593,798.45","1,427,086,363.636","2,214,804,000","1,825,035,890.534","1,497,050,000","1,363,652,000","922,400,000","762,020,000","940,543,200","903,884,100","804,500,000","702,362,300","569,611,200","511,536,954.087","418,001,764.16","444,064,456.015","726,627,608.131","658,740,000","566,740,000","424,440,000","354,840,000","288,600,000","212,260,000","159,040,000","150,500,000","134,560,000"
InterestIncome,"77,000,000",,"15,000,000","30,000,000","11,000,000","17,000,000","15,000,000","16,000,000","10,900,000","9,700,000","6,700,000","5,500,000","5,200,000","5,300,000","3,100,000","2,500,000","29,100,000",,,,,,,,,,
InterestExpense,"334,000,000",,"246,000,000","171,000,000","205,000,000","225,000,000","230,000,000","225,000,000","168,200,000","124,800,000","123,500,000","97,300,000","69,000,000","67,400,000","55,600,000","35,900,000","70,300,000",,,,,,,,,,
NetInterestIncome,"-257,000,000",,"-231,000,000","-171,000,000","-205,000,000","-208,000,000","-215,000,000","-209,000,000","-157,300,000","-115,100,000","-116,800,000","-91,800,000","-63,800,000","-62,100,000","-52,500,000","-33,400,000","-41,200,000",,,,,,,,,,
EBIT,"2,742,000,000",,"2,006,000,000","2,926,000,000","2,434,000,000","2,035,000,000","1,902,000,000","2,012,000,000","726,200,000","1,504,400,000","1,584,500,000","1,266,600,000","1,093,000,000","907,200,000","770,000,000","682,100,000","800,100,000","1,181,000,000","1,259,500,000","939,600,000","786,400,000","663,100,000","538,100,000","398,500,000","288,500,000","270,400,000","225,500,000"
EBITDA,"3,144,000,000",,"2,337,000,000","3,183,000,000","2,654,000,000","2,235,000,000","2,094,000,000","2,170,000,000","852,900,000","1,617,900,000","1,680,100,000","1,360,000,000","1,186,500,000","986,400,000","836,300,000","746,200,000","875,200,000","1,223,900,000","1,299,000,000","974,800,000","820,500,000","695,700,000","562,700,000","415,500,000","305,100,000","283,400,000","240,900,000"
ReconciledCostOfRevenue,,,"1,613,000,000","1,637,000,000","1,475,000,000","1,387,000,000","1,246,000,000","1,216,000,000","1,019,600,000","976,300,000","930,300,000","822,400,000","795,000,000","683,500,000","604,800,000","532,400,000","493,300,000","584,000,000","539,400,000","452,900,000","375,400,000","347,300,000","285,300,000","239,600,000","189,600,000","183,600,000","177,300,000"
ReconciledDepreciation,"402,000,000",,"331,000,000","257,000,000","220,000,000","200,000,000","192,000,000","158,000,000","126,700,000","113,500,000","95,600,000","93,400,000","93,500,000","79,200,000","66,300,000","64,100,000","75,100,000","42,900,000","39,500,000","35,200,000","34,100,000","32,600,000","24,600,000","17,000,000","16,600,000","13,000,000","15,400,000"
NetIncomeFromContinuingOperationNetMinorityInterest,"1,858,000,000",,"1,374,000,000","2,214,000,000","1,778,000,000","1,422,000,000","1,310,000,000","1,001,000,000","266,600,000","941,300,000","988,700,000","804,500,000","690,000,000","571,400,000","507,800,000","402,000,000","457,600,000","701,500,000","753,900,000","560,800,000","425,100,000","363,900,000","288,900,000","212,200,000","158,500,000","155,600,000","142,000,000"
TotalUnusualItemsExcludingGoodwill,"-80,000,000",,"-68,000,000","-1,000,000","-59,000,000","-95,000,000","-68,000,000","131,000,000","-825,700,000","1,100,000","123,100,000","0","-18,100,000","2,600,000","-5,200,000","-25,400,000","21,400,000","-40,000,000","158,600,000","-9,900,000","1,100,000","15,100,000","500,000","-100,000","-900,000","8,500,000","12,400,000"
TotalUnusualItems,"-80,000,000",,"-68,000,000","-1,000,000","-59,000,000","-95,000,000","-68,000,000","131,000,000","-825,700,000","1,100,000","123,100,000","0","-18,100,000","2,600,000","-5,200,000","-25,400,000","21,400,000","-40,000,000","158,600,000","-9,900,000","1,100,000","15,100,000","500,000","-100,000","-900,000","8,500,000","12,400,000"
NormalizedEBITDA,"3,224,000,000",,"2,405,000,000","3,214,000,000","2,713,000,000","2,330,000,000","2,162,000,000","2,039,000,000","1,678,600,000","1,616,800,000","1,557,000,000","1,360,000,000","1,204,600,000","983,800,000","841,500,000","771,600,000","853,800,000","1,263,900,000","1,140,400,000","984,700,000","819,400,000","680,600,000","562,200,000","415,600,000","306,000,000","274,900,000","228,500,000"
TaxRateForCalcs,"0.228","0.169","0.219","0.196","0.203","0.21","0.211","0.4","0.4","0.312","0.311","0.302","0.317","0.312","0.281","0.37","0.367","0.372","0.4","0.4","0.4","0.4","0.4","0.4","0.4","0.4","0.4"
TaxEffectOfUnusualItems,"-18,205,980.066","-17,406,201.55","-14,913,636.364","-196,000","-11,964,109.466","-19,950,000","-14,348,000","52,400,000","-330,280,000","343,200","38,284,100","0","-5,737,700","811,200","-1,463,045.913","-9,398,235.84","7,864,456.015","-14,872,391.869","63,440,000","-3,960,000","440,000","6,040,000","200,000","-40,000","-360,000","3,400,000","4,960,000"