name,ttm,12/31/2023,12/31/2022,12/31/2021,12/31/2020,12/31/2019,12/31/2018,12/31/2017,12/31/2016,12/31/2015,12/31/2014,12/31/2013,12/31/2012,12/31/2011,12/31/2010,12/31/2009,12/31/2008,12/31/2007,12/31/2006,12/31/2005,12/31/2004,12/31/2003,12/31/2002,12/31/2001,12/31/2000,12/31/1999,12/31/1998,12/31/1997,12/31/1996,12/31/1995,12/31/1994,12/31/1993,12/31/1992,12/31/1991,12/31/1990,12/31/1989,12/31/1988,12/31/1987,12/31/1986,12/31/1985
TotalRevenue,"9,173,000,000","9,398,000,000","8,013,000,000","5,962,000,000","5,954,761,000","6,191,943,000","5,928,302,000","5,632,187,000","5,295,883,000","4,667,624,000","4,455,719,000","4,554,560,000","4,287,297,000","3,996,899,000","3,401,394,000","3,129,752,000","2,916,228,000","2,774,291,000","2,863,393,000","2,744,061,000","2,677,541,000","2,429,850,000","1,759,516,000","1,635,714,000","1,178,859,000","1,041,775,000","934,800,000","749,900,000","701,200,000","635,900,000","591,800,000","581,300,000","566,300,000","410,800,000","286,000,000","243,100,000",,,,
	NetInterestIncome,"6,896,000,000","7,115,000,000","5,822,000,000","3,825,000,000","3,866,317,000","4,130,264,000","4,072,302,000","3,781,044,000","3,469,887,000","2,842,587,000","2,676,446,000","2,673,229,000","2,598,516,000","2,389,756,000","2,267,526,000","2,055,748,000","1,939,796,000","1,850,237,000","1,817,541,000","1,794,343,000","1,734,572,000","1,598,755,000","1,247,585,000","1,158,288,000","854,187,000","759,400,000","671,900,000","559,400,000","531,000,000","486,400,000","468,100,000","470,800,000","432,000,000","328,800,000","230,400,000","192,200,000",,,,
		InterestIncome,"10,915,000,000","10,224,000,000","6,247,000,000","3,939,000,000","4,192,712,000","4,879,593,000","4,598,711,000","4,167,795,000","3,895,871,000","3,170,844,000","2,956,877,000","2,957,334,000","2,941,685,000","2,792,087,000","2,729,795,000","2,725,197,000","3,277,591,000","3,544,813,000","3,314,093,000","2,788,694,000","2,298,732,000","2,126,565,000","1,842,099,000","2,101,885,000","1,772,784,000","1,478,631,000","1,359,500,000","1,067,500,000","997,400,000","928,200,000","747,300,000","740,700,000","755,600,000","769,000,000","657,400,000","576,600,000",,,,
			InterestIncomeFromLoansAndLease,"8,398,000,000","8,021,000,000","5,237,000,000","3,749,000,000","3,975,053,000","4,442,182,000","4,164,561,000","3,742,867,000","3,485,050,000","2,778,151,000","2,596,586,000","2,734,708,000","2,704,156,000","2,522,567,000","2,394,082,000","2,326,748,000","2,825,587,000","3,155,967,000","2,927,411,000","2,420,660,000","1,974,469,000","1,897,701,000","1,674,867,000","1,892,507,000","1,579,701,000","1,323,300,000","1,198,600,000","955,000,000","881,000,000","794,200,000","633,100,000","608,500,000","602,000,000","592,000,000","522,400,000","440,300,000",,,,
				InterestIncomeFromLoans,,,,,,,,,,,,,,,"2,394,082,000",,,"3,155,967,000","2,927,411,000","2,420,660,000","1,974,469,000","1,897,701,000","1,670,412,000","1,892,507,000","1,579,701,000","1,323,300,000","1,198,600,000","955,000,000","881,000,000","794,200,000","633,100,000","608,500,000","602,000,000","592,000,000","522,400,000","440,300,000",,,,
				InterestIncomeFromLeases,,,,,,,,,,,,,,,,,,,,,,,"4,455,000",,,,,,,,,,,,,,,,,
			InterestIncomeFromSecurities,"913,000,000","839,000,000","499,000,000","141,000,000","176,652,000","288,853,000","324,577,000","362,588,000","364,100,000","376,425,000","345,747,000","216,046,000","235,161,000","265,199,000","334,564,000","397,752,000","448,355,000","363,967,000","378,267,000","365,513,000","323,689,000","226,842,000","167,156,000","207,235,000","179,884,000","130,800,000","152,100,000","107,100,000","111,100,000","122,800,000","107,400,000","105,000,000","134,300,000","163,800,000","109,000,000","95,400,000",,,,
			InterestIncomeFromDeposits,"1,600,000,000","1,360,000,000","509,000,000","48,000,000","32,956,000","141,397,000","108,182,000","61,326,000","45,516,000","15,252,000","13,361,000","5,201,000","1,221,000","2,934,000","88,000","34,000","109,000","300,000","372,000","169,000","65,000","147,000",,"116,000","308,000","100,000","400,000","2,500,000","2,400,000","8,200,000","2,200,000","6,700,000","1,100,000","7,900,000","18,400,000","33,700,000",,,,
			InterestIncomeFromFederalFundsSoldAndSecuritiesPurchaseUnderAgreementsToResell,,,,,,,,,,,"64,000","114,000","21,000","189,000","446,000","129,000","2,071,000","23,835,000","5,597,000","808,000","134,000","1,875,000",,"2,027,000","12,891,000","24,500,000","8,300,000","3,000,000","3,000,000","3,000,000","4,800,000","20,400,000","18,100,000","5,300,000","7,700,000","7,300,000",,,,
			OtherInterestIncome,"4,000,000","4,000,000","2,000,000","1,000,000","8,051,000","7,161,000","1,391,000","1,014,000","1,205,000","1,016,000","1,183,000","1,379,000","1,126,000","1,198,000","615,000","534,000","1,469,000","744,000","2,446,000","1,544,000","375,000",,"76,000",,,"-69,000","100,000","-100,000","-100,000",,"-200,000","100,000","100,000",,"-100,000","-100,000",,,,
		InterestExpense,"4,019,000,000","3,109,000,000","425,000,000","114,000,000","326,395,000","749,329,000","526,409,000","386,751,000","425,984,000","328,257,000","280,431,000","284,105,000","343,169,000","402,331,000","462,269,000","669,449,000","1,337,795,000","1,694,576,000","1,496,552,000","994,351,000","564,160,000","527,810,000","594,514,000","943,597,000","918,597,000","719,231,000","687,600,000","508,100,000","466,400,000","441,800,000","279,200,000","269,900,000","323,600,000","440,200,000","427,000,000","384,400,000",,,,
			InterestExpenseForDeposit,"3,207,000,000","2,417,000,000","295,000,000","52,000,000","217,035,000","485,346,000","272,467,000","195,868,000","191,342,000","73,814,000","63,083,000","83,692,000","116,586,000","157,435,000","187,685,000","322,283,000","665,849,000","959,319,000","934,866,000","556,531,000","291,622,000","280,494,000","356,642,000","608,206,000","600,293,000","506,500,000","523,400,000","434,100,000","392,700,000","346,400,000","199,100,000","205,200,000","284,600,000","402,600,000","354,400,000","333,800,000",,,,
			InterestExpenseForShortTermDebt,"291,000,000","292,000,000","19,000,000","0","28,000","24,741,000","5,386,000","1,511,000","3,625,000","1,677,000","101,000","430,000","1,286,000","1,030,000","3,006,000","7,129,000","142,627,000","274,079,000","227,850,000","157,853,000","71,172,000","49,064,000","52,723,000","124,810,000","172,466,000","104,900,000","105,600,000","44,300,000","59,400,000","84,200,000","73,900,000","58,500,000","38,400,000","37,000,000","72,100,000","49,700,000",,,,
			InterestExpenseForLongTermDebtAndCapitalSecurities,"521,000,000","400,000,000","111,000,000","62,000,000","109,332,000","239,242,000","248,556,000","189,372,000","231,017,000","252,766,000","217,247,000","199,983,000","225,297,000","243,866,000","271,578,000","340,037,000","529,319,000","461,178,000","333,836,000","279,967,000","201,366,000","198,252,000","185,149,000","210,581,000","145,838,000","107,800,000","58,600,000","29,600,000","14,200,000","11,200,000","6,300,000","6,200,000","600,000","700,000","500,000","800,000",,,,
			OtherInterestExpense,,,,,,,,,,,,,,,,,,,,,,,,,,"31,000","-100,000","100,000","100,000",,"-100,000",,,"-100,000",,"100,000",,,,
	NonInterestIncome,"2,277,000,000","2,283,000,000","2,191,000,000","2,137,000,000","2,088,444,000","2,061,679,000","1,856,000,000","1,851,143,000","1,825,996,000","1,825,037,000","1,779,273,000","1,881,331,000","1,688,781,000","1,607,143,000","1,133,868,000","1,074,004,000","976,432,000","924,054,000","1,045,852,000","949,718,000","942,969,000","831,095,000","511,931,000","477,426,000","324,672,000","282,375,000","262,900,000","190,500,000","170,200,000","149,500,000","123,700,000","110,500,000","134,300,000","82,000,000","55,600,000","50,900,000",,,,
		TotalPremiumsEarned,"87,000,000","81,000,000","92,000,000","94,000,000",,,,,,,,,,,,,,,,,,,,,,,,,,,,,,,,,,,,
		FeesAndCommissions,"2,040,000,000","2,025,000,000","1,967,000,000","1,949,000,000","1,586,741,000","1,512,278,000","1,378,433,000","1,354,025,000","1,328,406,000","1,331,756,000","1,366,338,000","1,339,861,000","1,326,673,000","1,009,971,000","835,040,000","862,935,000","806,879,000","733,524,000","725,207,000","696,283,000","680,690,000","424,369,000","227,561,000","208,697,000","137,709,000","121,900,000","108,000,000","93,500,000","86,700,000","74,500,000","66,300,000","64,100,000","52,900,000","38,700,000","33,100,000","29,000,000",,,,
			FeesandCommissionIncome,"2,040,000,000","2,025,000,000","1,967,000,000","1,949,000,000","1,586,741,000","1,512,278,000","1,378,433,000","1,354,025,000","1,328,406,000","1,331,756,000","1,366,338,000","1,339,861,000","1,326,673,000","1,009,971,000","835,040,000","862,935,000","806,879,000","733,524,000","725,207,000","696,283,000","680,690,000","424,369,000","227,561,000","208,697,000","137,709,000","121,900,000","108,000,000","93,500,000","86,700,000","74,500,000","66,300,000","64,100,000","52,900,000","38,700,000","33,100,000","29,000,000",,,,
				ServiceChargeOnDepositorAccounts,"1,110,000,000","1,071,000,000","969,000,000","1,101,000,000","937,429,000","890,748,000","789,779,000","791,199,000","792,799,000","796,346,000","790,868,000","778,206,000","795,762,000","621,116,000","662,758,000","676,756,000","586,544,000","521,355,000","524,131,000","506,032,000","490,654,000","309,749,000","167,531,000","144,302,000","92,544,000","73,600,000","57,400,000","43,400,000","40,700,000","38,300,000","35,000,000","32,300,000","28,400,000","20,700,000","17,400,000","15,000,000",,,,
				TrustFeesbyCommissions,"644,000,000","680,000,000","741,000,000","645,000,000","601,884,000","572,608,000","537,585,000","501,381,000","472,184,000","470,640,000","508,258,000","496,008,000","471,852,000","332,385,000","122,613,000","128,568,000","156,149,000","152,636,000","140,781,000","134,679,000","136,296,000","114,620,000","60,030,000","64,395,000","45,165,000","40,800,000","38,200,000","30,700,000","27,700,000","25,500,000","22,600,000","23,900,000","17,800,000","12,200,000","9,800,000","8,800,000",,,,
				SecuritiesActivities,"112,000,000","102,000,000","88,000,000","63,000,000","47,428,000","48,922,000","51,069,000","61,445,000","63,423,000","64,770,000","67,212,000","65,647,000","59,059,000","56,470,000","49,669,000","57,611,000","64,186,000","59,533,000","60,295,000","55,572,000","53,740,000",,,,,,,,,,,,,,,,,,,
				CreditCard,"174,000,000","172,000,000","169,000,000","140,000,000",,,,,,,,,,,,,,,,,,,,,,,,,,,,,,,,,,,,
				OtherCustomerServices,,,,,,,,,,,,,,,,,,"59,533,000","60,295,000",,,,,,,"7,500,000","12,400,000","19,400,000","18,300,000","10,700,000","8,700,000","7,900,000","6,700,000","5,800,000","5,900,000","5,200,000",,,,
		InvestmentBankingProfit,,,,,,"457,770,000","360,442,000","363,827,000","373,697,000","375,738,000","362,912,000","331,265,000","349,064,000","166,021,000","184,625,000","207,561,000","156,012,000","111,893,000",,,"124,353,000","149,105,000",,,,,,,,,,,,,,,,,,
		TradingGainLoss,"37,000,000","49,000,000","27,000,000","24,000,000","40,536,000","62,044,000","32,547,000","35,301,000","41,126,000","30,577,000","29,874,000","40,828,000","35,634,000","27,224,000","27,286,000","23,125,000","17,630,000","30,271,000","24,761,000","22,857,000","19,435,000",,,,,,,,,,,,,,,,,,,
		GainLossonSaleofAssets,"-3,000,000","4,000,000","-6,000,000","-21,000,000","-9,421,000","18,037,000","-6,301,000","21,279,000","30,314,000","-130,000","0","46,657,000","-47,813,000","73,152,000","-83,511,000","-137,132,000","-147,751,000","-126,096,000","2,566,000","-28,133,000","2,874,000","18,476,000","-608,000","1,873,000","-3,078,000",,,,,"5,600,000","100,000","900,000","29,700,000","5,500,000",,"1,100,000",,,,
			GainOnSaleOfSecurity,"-3,000,000","4,000,000","-6,000,000","-21,000,000","-9,421,000","18,037,000","-6,301,000","21,279,000","30,314,000","-130,000","0","46,657,000","-47,813,000","73,152,000","-83,511,000","-137,132,000","-147,751,000","-126,096,000","2,566,000","-28,133,000","2,874,000","18,476,000","-608,000","1,873,000","-3,078,000",,,,,"5,600,000","100,000","900,000","29,700,000","5,000,000",,"1,100,000",,,,
			GainonSaleofInvestmentProperty,,,,,,,,,,,,,,,,,,,,,,,,,,,,,,,,,,"500,000",,,,,,
		OtherNonInterestIncome,"116,000,000","124,000,000","111,000,000","91,000,000","470,588,000","469,320,000","451,321,000","440,538,000","426,150,000","462,834,000","383,061,000","453,985,000","374,287,000","496,796,000","355,053,000","325,076,000","299,674,000","286,355,000","293,318,000","258,711,000","239,970,000","239,145,000","284,978,000","266,856,000","190,041,000","160,475,000","154,900,000","97,000,000","83,500,000","69,400,000","57,300,000","45,500,000","51,700,000","37,800,000","22,500,000","20,800,000",,,,
CreditLossesProvision,"-725,000,000","-645,000,000","-275,000,000","75,000,000","-800,000,000","-176,000,000","-132,000,000","-168,000,000","-190,000,000","-170,000,000","-124,000,000","-185,000,000","-204,000,000","-270,000,000","-368,000,000","-604,000,000","-412,000,000","-192,000,000","-80,000,000","-88,000,000","-95,000,000","-131,000,000","-122,000,000","-103,500,000","-38,000,000","-44,500,000","-43,200,000","-46,000,000","-43,300,000","-40,400,000","-60,500,000","-80,000,000","-85,000,000","-63,400,000","-27,400,000","-15,300,000",,,,
NonInterestExpense,"5,223,000,000","5,182,000,000","4,712,000,000","3,568,000,000","3,385,240,000","3,468,682,000","3,288,062,000","3,140,325,000","3,011,730,000","2,746,956,000","2,689,474,000","2,575,502,000","2,499,381,000","2,394,381,000","1,914,066,000","1,891,406,000","1,723,449,000","1,612,802,000","1,546,754,000","1,485,142,000","1,516,018,000","1,448,180,000","921,032,000","948,318,000","694,453,000","579,000,000","566,100,000","421,800,000","409,000,000","374,400,000","336,900,000","327,800,000","318,500,000","232,600,000","173,900,000","151,500,000",,,,
	OccupancyAndEquipment,"518,000,000","520,000,000","474,000,000","327,000,000","322,037,000","324,079,000","298,828,000","295,084,000","295,141,000","272,539,000","269,299,000","264,327,000","257,551,000","249,514,000","216,064,000","211,391,000","188,845,000","169,050,000","168,776,000","173,689,000","179,595,000","170,623,000","107,822,000","111,403,000","80,960,000","73,100,000","66,600,000","53,300,000","51,300,000","50,500,000","49,100,000","47,800,000","41,700,000","33,400,000","28,600,000","22,600,000",,,,
	ProfessionalExpenseAndContractServicesExpense,"364,000,000","413,000,000","509,000,000","379,000,000",,,,,,,,,,,,,,,,,,,,,,,,,,,,,,,,,,,,
	SellingGeneralAndAdministration,"3,301,000,000","3,223,000,000","2,967,000,000","2,180,000,000","2,066,399,000","2,035,804,000","1,906,500,000","1,819,868,000","1,810,256,000","1,660,870,000","1,507,592,000","1,424,762,000","1,415,650,000","1,304,223,000","1,079,033,000","1,098,392,000","963,775,000","912,518,000","873,353,000","822,239,000","806,552,000","740,324,000","456,411,000","434,937,000","329,209,000","284,800,000","259,500,000","220,000,000","208,300,000","188,200,000","161,200,000","154,300,000","136,500,000","106,400,000","88,000,000","79,700,000",,,,
		GeneralAndAdministrativeExpense,"3,205,000,000","3,115,000,000","2,877,000,000","2,116,000,000","2,004,495,000","1,942,332,000","1,820,790,000","1,750,665,000","1,723,119,000","1,601,643,000","1,460,481,000","1,424,762,000","1,415,650,000","1,304,223,000","1,079,033,000","1,098,392,000","963,775,000","912,518,000","873,353,000","822,239,000","806,552,000","740,324,000","456,411,000","434,937,000","329,209,000","284,800,000","259,500,000","220,000,000","208,300,000","188,200,000","161,200,000","154,300,000","136,500,000","106,400,000","88,000,000","79,700,000",,,,
			SalariesAndWages,"3,048,000,000","2,997,000,000","2,787,000,000","2,046,000,000","1,950,692,000","1,900,797,000","1,752,264,000","1,648,794,000","1,618,074,000","1,549,530,000","1,404,950,000","1,355,178,000","1,314,540,000","1,203,993,000","999,709,000","1,001,873,000","957,086,000","908,315,000","873,353,000","822,239,000","806,552,000","740,324,000","456,411,000","434,937,000","329,209,000","284,800,000","259,500,000","220,000,000","208,300,000","188,200,000","161,200,000","154,300,000","136,500,000","106,400,000","88,000,000","79,700,000",,,,
			InsuranceAndClaims,"157,000,000","118,000,000","90,000,000","70,000,000","53,803,000","41,535,000","68,526,000","101,871,000","105,045,000","52,113,000","55,531,000","69,584,000","101,110,000","100,230,000","79,324,000","96,519,000","6,689,000","4,203,000",,,,,,,,,,,,,,,,,,,,,,
			OtherGandA,,,,,"298,349,000","269,624,000","234,683,000","220,630,000","211,935,000","202,624,000","189,769,000","39,557,000","41,929,000","40,917,000","33,847,000","38,216,000","35,860,000","35,765,000","33,956,000","33,743,000","34,476,000",,,,,,,,,,,,,,,,,,,
		SellingAndMarketingExpense,"96,000,000","108,000,000","90,000,000","64,000,000","61,904,000","93,472,000","85,710,000","69,203,000","87,137,000","59,227,000","47,111,000",,,,,,,,,,,,,,,,,,,,,,,,,,,,,
	DepreciationAmortizationDepletionIncomeStatement,"58,000,000","62,000,000","56,000,000","10,000,000","14,869,000","19,490,000","24,522,000","31,366,000","42,613,000","26,424,000","33,824,000","46,912,000","60,631,000","61,617,000","58,103,000","64,255,000","66,646,000","66,486,000","63,008,000","56,805,000","75,410,000",,,,,,,,,,,,,,,,,,,
		DepreciationAndAmortizationInIncomeStatement,"58,000,000","62,000,000","56,000,000","10,000,000","14,869,000","19,490,000","24,522,000","31,366,000","42,613,000","26,424,000","33,824,000","46,912,000","60,631,000","61,617,000","58,103,000","64,255,000","66,646,000","66,486,000","63,008,000","56,805,000","75,410,000",,,,,,,,,,,,,,,,,,,
			Amortization,"58,000,000","62,000,000","56,000,000","10,000,000","14,869,000","19,490,000","24,522,000","31,366,000","42,613,000","26,424,000","33,824,000","46,912,000","60,631,000","61,617,000","58,103,000","64,255,000","66,646,000","66,486,000","63,008,000","56,805,000","75,410,000",,,,,,,,,,,,,,,,,,,
				AmortizationOfIntangiblesIncomeStatement,"58,000,000","62,000,000","56,000,000","10,000,000","14,869,000","19,490,000","24,522,000","31,366,000","42,613,000","26,424,000","33,824,000","46,912,000","60,631,000","61,617,000","58,103,000","64,255,000","66,646,000","66,486,000","63,008,000","56,805,000","75,410,000",,,,,,,,,,,,,,,,,,,
	OtherNonInterestExpense,"982,000,000","964,000,000","706,000,000","672,000,000","981,935,000","1,089,309,000","1,058,212,000","994,007,000","863,720,000","787,123,000","878,759,000","839,501,000","765,549,000","779,027,000","560,866,000","517,368,000","504,183,000","464,748,000","441,617,000","432,409,000","454,461,000","537,233,000","356,799,000","401,978,000","284,284,000","221,100,000","240,000,000","148,500,000","149,400,000","135,700,000","126,600,000","125,700,000","140,300,000","92,800,000","57,300,000","49,200,000",,,,
IncomefromAssociatesandOtherParticipatingInterests,"25,000,000","20,000,000","30,000,000","30,000,000",,,,,,"-14,267,000","-16,672,000","-16,126,000","-21,511,000","-24,231,000","-25,768,000","-25,898,000","-37,453,000","8,935,000","0","0",,,,,,,,,,,,,,,,,,,,
SpecialIncomeCharges,"-197,000,000","28,000,000","-444,000,000","-44,000,000","0",,,,"-35,755,000","-75,976,000",,"-12,364,000","-9,879,000","-83,687,000","-771,000","-89,157,000","-3,547,000","-14,887,000","-4,997,000",,,,,,,,,,,,,,,,,,,,,
	GainOnSaleOfBusiness,"0","225,000,000","0","0",,,,,,,,,,,,,,,,,,,,,,,,,,,,,,,,,,,,
	RestructuringAndMergernAcquisition,,"0","444,000,000","44,000,000","0",,,,"35,755,000","75,976,000",,"12,364,000","9,879,000","83,687,000","771,000","89,157,000","3,547,000","14,887,000","4,997,000",,,,,,,,,,,,,,,,,,,,,
	ImpairmentOfCapitalAssets,,,,,,,,,,,,,,"77,035,000","86,281,000","138,297,000","182,222,000",,,,,,,,,,,,,,,,,,,,,,,
	OtherSpecialCharges,,"197,000,000",,,,,,,,,,,,"821,797,000","527,790,000","568,309,000",,,,,,,,,,,,,,,,,,,,,,,,
OtherNonOperatingIncomeExpenses,,,,,,,,,,,,,,"77,035,000","86,281,000","138,297,000","182,222,000",,,,,,,,,,,,,,,,,,,,,,,
PretaxIncome,"3,053,000,000","3,619,000,000","2,612,000,000","2,455,000,000","1,769,521,000","2,547,261,000","2,508,240,000","2,323,862,000","2,058,398,000","1,674,692,000","1,642,245,000","1,765,568,000","1,552,526,000","1,224,600,000","1,092,789,000","519,291,000","739,779,000","963,537,000","1,231,642,000","1,170,919,000","1,066,523,000","850,670,000","716,484,000","583,896,000","446,406,000","418,300,000","325,600,000","282,100,000","249,000,000","221,100,000","194,500,000","173,500,000","162,700,000","114,800,000","84,700,000","76,300,000",,,,
TaxProvision,"695,000,000","878,000,000","620,000,000","596,000,000","416,369,000","618,112,000","590,160,000","915,556,000","743,284,000","595,025,000","575,999,000","627,088,000","523,028,000","365,121,000","356,628,000","139,400,000","183,892,000","309,278,000","392,453,000","388,736,000","344,002,000","276,728,000","231,392,000","205,821,000","160,250,000","152,700,000","117,600,000","105,900,000","97,900,000","90,100,000","77,200,000","71,500,000","64,800,000","47,600,000","30,800,000","25,600,000",,,,
NetIncomeCommonStockholders,"2,251,000,000","2,636,000,000","1,891,000,000","1,777,000,000","1,279,066,000","1,849,509,000","1,836,028,000","1,327,503,000","1,223,459,000","987,689,000","978,531,000","1,062,429,000","953,390,000","781,743,000","675,826,000","332,006,000","555,096,000","654,259,000","839,189,000","782,183,000","722,521,000","573,942,000","485,092,000","378,075,000","286,156,000","265,600,000","208,000,000","176,200,000","150,200,000","127,400,000","113,700,000","98,400,000","94,300,000","64,300,000","53,900,000","41,200,000","44,500,000","40,300,000","26,200,000","22,200,000"
	NetIncome,"2,358,000,000","2,741,000,000","1,992,000,000","1,859,000,000","1,353,152,000","1,929,149,000","1,918,080,000","1,408,306,000","1,315,114,000","1,079,667,000","1,066,246,000","1,138,480,000","1,029,498,000","859,479,000","736,161,000","379,891,000","555,887,000","654,259,000","839,189,000","782,183,000","722,521,000","573,942,000","485,092,000","378,075,000","286,156,000","265,600,000","208,000,000","176,200,000","151,100,000","131,000,000","117,300,000","102,000,000","97,900,000","67,200,000","53,900,000","41,200,000","44,500,000","40,300,000","26,200,000","22,200,000"
		NetIncomeIncludingNoncontrollingInterests,"2,358,000,000","2,741,000,000","1,992,000,000","1,859,000,000","1,353,152,000","1,929,149,000","1,918,080,000","1,408,306,000","1,315,114,000","1,079,667,000","1,066,246,000","1,138,480,000","1,029,498,000","859,479,000","736,161,000","379,891,000","555,887,000","654,259,000","839,189,000","782,183,000","722,521,000","573,942,000","485,092,000","378,075,000","286,156,000","265,600,000","208,000,000","176,200,000","151,100,000","131,000,000","117,300,000","102,000,000","97,900,000","67,200,000","53,900,000","41,200,000","44,500,000","40,300,000","26,200,000","22,200,000"
			NetIncomeContinuousOperations,"2,358,000,000","2,741,000,000","1,992,000,000","1,859,000,000","1,353,152,000","1,929,149,000","1,918,080,000","1,408,306,000","1,315,114,000","1,079,667,000","1,066,246,000","1,138,480,000","1,029,498,000","859,479,000","736,161,000","379,891,000","555,887,000","654,259,000","839,189,000","782,183,000","722,521,000","573,942,000","485,092,000","378,075,000","286,156,000","265,600,000","208,000,000","176,200,000","151,100,000","131,000,000","117,300,000","102,000,000","97,900,000","67,200,000","53,900,000","50,700,000","44,500,000","40,300,000","26,200,000","22,200,000"
			NetIncomeFromTaxLossCarryforward,,,,,,,,,,,,,,,,,,,,,,,,,,,,,,,,,,,,"-9,500,000",,,,
	PreferredStockDividends,"102,000,000","100,000,000","97,000,000","73,000,000","68,228,000","69,441,000","72,521,000","72,734,000","81,270,000","81,270,000","75,878,000","54,120,000","53,450,000","45,839,000","40,225,000","36,081,000","667,000",,,,,,,,,,,,"900,000","3,600,000","3,600,000","3,600,000","3,600,000","2,900,000",,,,,,
AverageDilutionEarnings,,,"11,000","10,000","2,000","2,000","7,000","14,000","22,000","35,000","50,000","67,000","39,000","22,000","27,000",,,,,,,,,,,,,,,,,,,,,,,,,
DilutedNIAvailtoComStockholders,"2,251,000,000","2,636,000,000","1,891,000,000","1,777,000,000","1,279,068,000","1,849,511,000","1,836,035,000","1,327,517,000","1,223,481,000","987,724,000","978,581,000","1,062,496,000","953,429,000","781,765,000","675,826,000","332,006,000","555,096,000","654,259,000","839,189,000","782,183,000","722,521,000","573,942,000","485,092,000","378,075,000","286,156,000","265,600,000","208,000,000","176,200,000","150,200,000","127,400,000","113,700,000","98,400,000","94,300,000","64,300,000","53,900,000","41,200,000","44,500,000","40,300,000","26,200,000","22,200,000"
BasicEPS,"13.55","15.85","11.59","13.81","9.94","13.76","12.75","8.72","7.8","7.22","7.47","8.26","7.57","6.37","5.72","2.9","5.04","6.05","7.55","6.88","6.14","5.08","4.94","3.95","3.55","3.41","2.73","2.66","2.25","1.96","1.635","1.43","1.34","0.93","0.79","0.7","0.6","0.48","0.48","0.41"
DilutedEPS,"13.49","15.79","11.53","13.8","9.94","13.75","12.74","8.7","7.78","7.18","7.42","8.2","7.54","6.35","5.69","2.89","5.01","5.95","7.37","6.73","6","4.95","4.78","3.82","3.44","3.28","2.616","2.53","2.11","1.8","1.571","1.34","1.3","0.92","0.79","0.7","0.6","0.48","0.48","0.41"
BasicAverageShares,"166,322,500","166,361,000","163,199,310","128,673,932","128,678,873","134,412,137","138,509,769","152,238,188","156,856,538","136,803,878","131,001,473","137,830,508","135,997,094","134,926,060","118,156,119","114,484,828","110,295,040","108,129,000","111,173,000","113,689,000","117,696,000","112,980,709","98,196,761","95,715,190","80,607,324","77,888,563","76,190,476","66,240,602","66,755,556","65,000,000","69,541,284","68,811,189","70,373,134","69,139,785","68,227,848","58,857,143","74,166,667","83,958,333","54,583,333","54,146,341"
DilutedAverageShares,"167,008,500","167,002,000","164,030,000","128,812,000","128,704,000","134,462,000","138,509,769","152,551,000","157,304,000","137,533,000","131,844,000","137,830,508","135,997,094","134,926,060","118,843,000","114,776,000","110,904,000","110,012,000","113,918,000","116,232,000","120,406,000","115,947,879","101,483,682","98,972,513","83,184,884","80,975,610","79,510,703","69,644,269","71,184,834","70,777,778","72,374,284","73,432,836","72,538,462","69,891,304","68,227,848","58,857,143","74,166,667","83,958,333","54,583,333","54,146,341"
InterestIncomeAfterProvisionForLoanLoss,"6,171,000,000","6,470,000,000","5,547,000,000","3,900,000,000","3,066,317,000","3,954,264,000","3,940,302,000","3,613,044,000","3,279,887,000","2,672,587,000","2,552,446,000","2,488,229,000","2,394,516,000","2,119,756,000","1,899,526,000","1,451,748,000","1,527,796,000","1,658,237,000","1,737,541,000","1,706,343,000","1,639,572,000","1,467,755,000","1,125,585,000","1,054,788,000","816,187,000","714,900,000","628,700,000","513,400,000","487,700,000","446,000,000","407,600,000","390,800,000","347,000,000","265,400,000","203,000,000","176,900,000",,,,
NetIncomeFromContinuingAndDiscontinuedOperation,"2,358,000,000","2,741,000,000","1,992,000,000","1,859,000,000","1,353,152,000","1,929,149,000","1,918,080,000","1,408,306,000","1,315,114,000","1,079,667,000","1,066,246,000","1,138,480,000","1,029,498,000","859,479,000","736,161,000","379,891,000","555,887,000","654,259,000","839,189,000","782,183,000","722,521,000","573,942,000","485,092,000","378,075,000","286,156,000","265,600,000","208,000,000","176,200,000","151,100,000","131,000,000","117,300,000","102,000,000","97,900,000","67,200,000","53,900,000","50,700,000","44,500,000","40,300,000","26,200,000","22,200,000"
NormalizedIncome,"2,510,153,946.937","2,719,804,000","2,330,772,000","1,892,308,000","1,353,152,000","1,929,149,000","1,918,080,000","1,408,306,000","1,337,961,445","1,128,671,520","1,066,246,000","1,146,454,780","1,036,047,777","918,227,274","736,680,386.754","445,114,433.272","558,552,297.594","664,367,541.481","842,593,745.399","782,183,000","722,521,000","573,942,000","485,092,000","378,075,000","286,156,000","265,600,000","208,000,000","176,200,000","151,100,000","131,000,000","117,300,000","102,000,000","97,900,000","66,900,000","53,900,000","50,700,000","44,500,000","40,300,000","26,200,000","22,200,000"
TotalMoneyMarketInvestments,"1,600,000,000","1,360,000,000","509,000,000","48,000,000","32,956,000","141,397,000","108,182,000","61,326,000","45,516,000","15,252,000","13,361,000","5,201,000","1,242,000","3,123,000","534,000","163,000","2,180,000","24,135,000","5,969,000","977,000","199,000","2,022,000",,"2,143,000","13,199,000","24,600,000","8,700,000","5,500,000","5,400,000","11,200,000","7,000,000","27,100,000","19,200,000","13,200,000","26,100,000","41,000,000",,,,
ReconciledDepreciation,"516,000,000","497,000,000","435,000,000","324,000,000","320,288,000","301,315,000","179,005,000","197,125,000","200,591,000","175,349,000","198,730,000","203,735,000","204,561,000","197,780,000","182,362,000","190,921,000","185,790,000","178,159,000","175,931,000","173,748,000","196,074,000","191,662,000","129,787,000","193,944,000","124,132,000","97,000,000","79,600,000","42,400,000","36,300,000","32,100,000","17,600,000","16,200,000","36,100,000","9,600,000","8,100,000","6,900,000",,,,
NetIncomeFromContinuingOperationNetMinorityInterest,"2,358,000,000","2,741,000,000","1,992,000,000","1,859,000,000","1,353,152,000","1,929,149,000","1,918,080,000","1,408,306,000","1,315,114,000","1,079,667,000","1,066,246,000","1,138,480,000","1,029,498,000","859,479,000","736,161,000","379,891,000","555,887,000","654,259,000","839,189,000","782,183,000","722,521,000","573,942,000","485,092,000","378,075,000","286,156,000","265,600,000","208,000,000","176,200,000","151,100,000","131,000,000","117,300,000","102,000,000","97,900,000","67,200,000","53,900,000","50,700,000","44,500,000","40,300,000","26,200,000","22,200,000"
TotalUnusualItemsExcludingGoodwill,"-197,000,000","28,000,000","-444,000,000","-44,000,000","0",,,,"-35,755,000","-75,976,000",,"-12,364,000","-9,879,000","-83,687,000","-771,000","-89,157,000","-3,547,000","-14,887,000","-4,997,000",,,,,,,,,,,,,,,"500,000",,,,,,
TotalUnusualItems,"-197,000,000","28,000,000","-444,000,000","-44,000,000","0",,,,"-35,755,000","-75,976,000",,"-12,364,000","-9,879,000","-83,687,000","-771,000","-89,157,000","-3,547,000","-14,887,000","-4,997,000",,,,,,,,,,,,,,,"500,000",,,,,,
TaxRateForCalcs,"0.228","0.243","0.237","0.243","0.235","0.243","0.235","0.394","0.361","0.355","0.351","0.355","0.337","0.298","0.326","0.268","0.249","0.321","0.319","0.332","0.323","0.325","0.323","0.352","0.359","0.365","0.361","0.375","0.393","0.4","0.397","0.4","0.398","0.4","0.364","0.336","0.4","0.4","0.4","0.4"
TaxEffectOfUnusualItems,"-44,846,053.063","6,804,000","-105,228,000","-10,692,000","0","0","0","0","-12,907,555","-26,971,480","0","-4,389,220","-3,329,223","-24,938,726","-251,613.246","-23,933,566.728","-881,702.406","-4,778,458.519","-1,592,254.601","0","0","0","0","0","0","0","0","0","0","0","0","0","0","200,000","0","0","0","0","0","0"