name,ttm,12/31/2023,12/31/2022,12/31/2021,12/31/2020,12/31/2019,12/31/2018,12/31/2017,12/31/2016,12/31/2015,12/31/2014,12/31/2013,12/31/2012,12/31/2011,12/31/2010,12/31/2009,12/31/2008,12/31/2007,12/31/2006,12/31/2005,12/31/2004,12/31/2003,12/31/2002,12/31/2001,12/31/2000,12/31/1999,12/31/1998,12/31/1997,12/31/1996,12/31/1995,12/31/1994,12/31/1993,12/31/1992,12/31/1991,12/31/1990,12/31/1989,12/31/1988,12/31/1987,12/31/1986,12/31/1985
TotalRevenue,"20,424,000,000","21,509,000,000","21,114,000,000","19,211,000,000","16,901,000,000","16,839,000,000","16,190,000,000","16,329,000,000","15,162,000,000","15,225,000,000","15,281,000,000","16,012,000,000","15,512,000,000","14,326,000,000","15,016,000,000","15,117,000,000","6,182,000,000","5,891,000,000","6,494,000,000","6,327,000,000","5,541,000,000","5,253,000,000","5,394,000,000","4,914,000,000","5,114,000,000","4,794,000,000","4,574,000,000","4,350,000,000","3,875,000,000","3,102,300,000","2,732,200,000","2,774,200,000","2,544,100,000","2,247,200,000","2,005,800,000","1,886,700,000",,,,
	NetInterestIncome,"13,387,000,000","13,916,000,000","13,014,000,000","10,647,000,000","9,946,000,000","9,965,000,000","9,721,000,000","9,108,000,000","8,391,000,000","8,278,000,000","8,525,000,000","9,147,000,000","9,640,000,000","8,700,000,000","9,230,000,000","9,083,000,000","3,854,000,000","2,947,000,000","2,245,000,000","2,154,000,000","1,969,000,000","1,996,000,000","2,197,000,000","2,262,000,000","2,164,000,000","2,344,000,000","2,488,000,000","2,495,000,000","2,444,000,000","2,141,900,000","1,909,600,000","1,829,000,000","1,657,300,000","1,435,200,000","1,349,300,000","1,306,100,000",,,,
		InterestIncome,"25,773,000,000","24,308,000,000","15,436,000,000","11,134,000,000","11,307,000,000","13,762,000,000","12,582,000,000","10,814,000,000","9,652,000,000","9,323,000,000","9,431,000,000","10,007,000,000","10,734,000,000","10,194,000,000","11,150,000,000","12,086,000,000","6,301,000,000","6,144,000,000","4,612,000,000","3,734,000,000","2,752,000,000","2,712,000,000","3,172,000,000","4,137,000,000","4,732,000,000","4,583,000,000","5,024,000,000","5,051,000,000","4,938,000,000","5,149,500,000","3,861,800,000","3,201,100,000","3,219,000,000","3,657,500,000","4,223,400,000","4,064,500,000",,,,
			InterestIncomeFromLoansAndLease,"19,179,000,000","18,299,000,000","11,795,000,000","9,007,000,000","8,927,000,000","10,525,000,000","9,580,000,000","8,238,000,000","7,414,000,000","7,203,000,000","7,427,000,000","7,866,000,000","8,284,000,000","7,595,000,000","8,276,000,000","8,919,000,000","4,138,000,000","4,232,000,000","3,203,000,000","2,669,000,000","2,043,000,000","1,988,000,000","2,429,000,000","3,398,000,000","4,249,000,000","4,168,000,000","4,606,000,000","4,354,000,000","3,943,000,000","3,742,900,000","2,479,100,000","1,950,900,000","1,964,200,000","2,537,100,000","2,908,600,000","2,954,500,000",,,,
				InterestIncomeFromLoans,"19,179,000,000","18,299,000,000","11,795,000,000","9,007,000,000","8,927,000,000","10,525,000,000","9,580,000,000","8,238,000,000","7,414,000,000","7,203,000,000","7,427,000,000","7,866,000,000","8,284,000,000","7,595,000,000","8,276,000,000","8,919,000,000","4,138,000,000","4,232,000,000","3,203,000,000","2,669,000,000","2,043,000,000","1,988,000,000","2,429,000,000","3,398,000,000","4,249,000,000","4,168,000,000","4,606,000,000","4,354,000,000","3,943,000,000","3,742,900,000","2,479,100,000","1,950,900,000","1,964,200,000","2,537,100,000","2,908,600,000","2,954,500,000",,,,
			InterestIncomeFromSecurities,"3,661,000,000","3,545,000,000","2,726,000,000","1,834,000,000","2,041,000,000","2,426,000,000","2,261,000,000","1,998,000,000","1,826,000,000","1,679,000,000","1,624,000,000","1,749,000,000","2,035,000,000","2,161,000,000","2,389,000,000","2,688,000,000","1,746,000,000","1,429,000,000","1,049,000,000","822,000,000","568,000,000","579,000,000","616,000,000","625,000,000","386,000,000","362,000,000","361,000,000","540,000,000","859,000,000","1,282,900,000","1,291,000,000","1,225,500,000","1,209,700,000","1,045,200,000","1,212,000,000","938,100,000",,,,
			InterestIncomeFromDeposits,,,,,,,,,,,,,,,,,,,,,,,,,,,,,,,,,"8,800,000","22,100,000","28,200,000","141,600,000",,,,
			InterestIncomeFromFederalFundsSoldAndSecuritiesPurchaseUnderAgreementsToResell,,,,,,,,,,,,,,,,,,,,,,,,,,,,,,,,,"17,000,000","29,700,000","63,800,000","23,500,000",,,,
			OtherInterestIncome,"2,933,000,000","2,464,000,000","915,000,000","293,000,000","339,000,000","811,000,000","741,000,000","578,000,000","412,000,000","441,000,000","380,000,000","392,000,000","415,000,000","438,000,000","485,000,000","479,000,000","417,000,000","483,000,000","360,000,000","243,000,000","141,000,000","145,000,000","127,000,000","114,000,000","97,000,000","53,000,000","57,000,000","157,000,000","136,000,000","123,700,000","91,700,000","24,700,000","19,300,000","23,400,000","10,800,000","6,800,000",,,,
		InterestExpense,"12,386,000,000","10,392,000,000","2,422,000,000","487,000,000","1,361,000,000","3,797,000,000","2,861,000,000","1,706,000,000","1,261,000,000","1,045,000,000","906,000,000","860,000,000","1,094,000,000","1,494,000,000","1,920,000,000","3,003,000,000","2,447,000,000","3,197,000,000","2,367,000,000","1,580,000,000","783,000,000","716,000,000","975,000,000","1,875,000,000","2,568,000,000","2,239,000,000","2,536,000,000","2,556,000,000","2,494,000,000","3,007,600,000","1,952,200,000","1,372,100,000","1,561,700,000","2,222,300,000","2,874,100,000","2,758,400,000",,,,
			InterestExpenseForDeposit,"7,948,000,000","6,609,000,000","1,267,000,000","126,000,000","643,000,000","1,986,000,000","1,229,000,000","623,000,000","430,000,000","403,000,000","325,000,000","344,000,000","386,000,000","668,000,000","963,000,000","1,741,000,000","1,485,000,000","2,053,000,000","1,590,000,000","981,000,000","484,000,000","457,000,000","659,000,000","1,229,000,000","1,653,000,000","1,369,000,000","1,471,000,000","1,457,000,000","1,428,000,000","1,551,800,000","935,900,000","742,800,000","1,063,400,000","1,727,800,000","1,973,100,000","1,907,800,000",,,,
			InterestExpenseForShortTermDebt,,,,,,,,,,,,,,,,,,,,,,,,,,,,,,,,,,,"816,400,000","788,500,000",,,,
			InterestExpenseForLongTermDebtAndCapitalSecurities,"4,438,000,000","3,783,000,000","1,155,000,000","361,000,000","718,000,000","1,811,000,000","1,632,000,000","1,083,000,000","831,000,000","642,000,000","581,000,000","516,000,000","708,000,000","826,000,000","957,000,000","1,262,000,000","962,000,000","1,144,000,000","777,000,000","599,000,000","299,000,000","259,000,000","316,000,000","646,000,000","915,000,000","870,000,000","1,065,000,000","1,099,000,000","1,066,000,000","1,455,800,000","1,016,400,000","629,300,000","498,200,000","494,600,000","84,600,000","62,100,000",,,,
			OtherInterestExpense,,,,,,,,,,,,,,,,,,,,,,,,,,,,,,,"-100,000",,"100,000","-100,000",,,,,,
	NonInterestIncome,"7,037,000,000","7,593,000,000","8,100,000,000","8,564,000,000","6,955,000,000","6,874,000,000","6,469,000,000","7,221,000,000","6,771,000,000","6,947,000,000","6,756,000,000","6,865,000,000","5,872,000,000","5,626,000,000","5,786,000,000","6,034,000,000","2,328,000,000","2,944,000,000","4,249,000,000","4,173,000,000","3,572,000,000","3,257,000,000","3,197,000,000","2,652,000,000","2,950,000,000","2,450,000,000","2,086,000,000","1,855,000,000","1,431,000,000","960,400,000","822,600,000","945,200,000","886,800,000","812,000,000","656,500,000","580,600,000",,,,
		FeesAndCommissions,"7,064,000,000","6,955,000,000","7,154,000,000","7,365,000,000","6,347,000,000","5,401,000,000","5,264,000,000","6,144,000,000","5,732,000,000","5,610,000,000","5,462,000,000","5,273,000,000","4,328,000,000","4,476,000,000","4,801,000,000","5,109,000,000","2,385,000,000","2,537,000,000","3,863,000,000","3,589,000,000","2,964,000,000","975,000,000","992,000,000","507,000,000","757,000,000","558,000,000","733,000,000","713,000,000","566,000,000","914,800,000","662,200,000","676,800,000","620,700,000","597,400,000","559,300,000","502,700,000",,,,
			FeesandCommissionIncome,"7,064,000,000","6,955,000,000","7,154,000,000","7,365,000,000","6,347,000,000","5,401,000,000","5,264,000,000","6,144,000,000","5,732,000,000","5,610,000,000","5,462,000,000","5,273,000,000","4,328,000,000","4,476,000,000","4,801,000,000","5,109,000,000","2,385,000,000","2,537,000,000","3,863,000,000","3,589,000,000","2,964,000,000","975,000,000","992,000,000","507,000,000","757,000,000","558,000,000","733,000,000","713,000,000","566,000,000","914,800,000","662,200,000","676,800,000","620,700,000","597,400,000","559,300,000","502,700,000",,,,
				ServiceChargeOnDepositorAccounts,"2,874,000,000","2,810,000,000","3,077,000,000","3,529,000,000","3,231,000,000","4,539,000,000","4,381,000,000","4,202,000,000","4,211,000,000","4,043,000,000","3,949,000,000","3,931,000,000","3,159,000,000","3,388,000,000","3,747,000,000","4,251,000,000","1,699,000,000","1,753,000,000","2,443,000,000","1,921,000,000","1,751,000,000","239,000,000","227,000,000","218,000,000","206,000,000","207,000,000","203,000,000","203,000,000","187,000,000",,,,,,,,,,,
				TrustFeesbyCommissions,"1,436,000,000","1,412,000,000","1,444,000,000","1,438,000,000","1,203,000,000","862,000,000","883,000,000","1,942,000,000","1,521,000,000","1,567,000,000","1,513,000,000","1,342,000,000","1,169,000,000","1,088,000,000","1,054,000,000","858,000,000","686,000,000","784,000,000","1,420,000,000","1,443,000,000","994,000,000",,,,,,,"603,000,000","497,000,000","420,200,000","292,100,000","273,800,000","260,100,000","237,800,000","216,800,000","196,900,000",,,,
				SecuritiesActivities,,,,,,,,,,,,,,,,,,"278,000,000","246,000,000","225,000,000","219,000,000",,,,,,,,,,,,,,,,,,,
				CreditCard,"2,754,000,000","2,733,000,000","2,633,000,000","2,398,000,000","1,913,000,000",,,,,,,,,,,,,,,,,,,,,,,,,,,,,,,,,,,
				OtherCustomerServices,,,,,,,,,,,,,,"2,141,000,000","2,343,000,000","2,311,000,000","2,231,000,000","2,240,000,000","1,884,000,000","798,000,000","737,000,000","736,000,000","765,000,000","289,000,000","551,000,000","351,000,000","530,000,000","510,000,000","379,000,000","494,600,000","370,100,000","403,000,000","360,600,000","359,600,000","342,500,000","305,800,000",,,,
		InvestmentBankingProfit,,,,,,,,,,,,,,,,,,,,,,,,,,"1,000,000,000","357,000,000","213,000,000","189,000,000","186,600,000",,,,,,,,,,
		TradingGainLoss,,,,,,,,,,,,,,,,"1,076,000,000",,"104,000,000","183,000,000","157,000,000","113,000,000",,,,,,,,,,,,,,,,,,,
		GainLossonSaleofAssets,"-469,000,000","19,000,000","-6,000,000","-76,000,000","-103,000,000",,,,,"43,000,000","-7,000,000","99,000,000","93,000,000","97,000,000","101,000,000","-27,000,000","-206,000,000","-5,000,000","-207,000,000","55,000,000","122,000,000","116,000,000","89,000,000","131,000,000","20,000,000","22,000,000","16,000,000","49,000,000","22,000,000","-279,700,000","-134,900,000","187,700,000","214,100,000","70,100,000","26,200,000","34,900,000",,,,
			GainOnSaleOfSecurity,"-469,000,000","19,000,000","-6,000,000","-76,000,000","-103,000,000",,,,,"43,000,000","-7,000,000","99,000,000","93,000,000","97,000,000","101,000,000","-27,000,000","-206,000,000","-5,000,000","-207,000,000","55,000,000","122,000,000","116,000,000","89,000,000","131,000,000","20,000,000","22,000,000","16,000,000","49,000,000","22,000,000","-279,700,000",,,,,,,,,,
			GainonSaleofInvestmentProperty,,,,,,,,,,,,,,,"160,000,000","1,076,000,000",,"-127,000,000","2,066,000,000",,,,,,,,,,,,"-134,900,000","187,700,000","214,100,000","70,100,000","26,200,000","34,900,000",,,,
		OtherNonInterestIncome,"442,000,000","619,000,000","952,000,000","1,199,000,000","608,000,000","1,473,000,000","1,205,000,000","1,077,000,000","1,039,000,000","1,337,000,000","1,294,000,000","1,493,000,000","1,451,000,000","1,053,000,000","884,000,000","952,000,000","149,000,000","412,000,000","593,000,000","372,000,000","373,000,000","2,166,000,000","2,116,000,000","2,014,000,000","2,173,000,000","1,870,000,000","1,337,000,000","880,000,000","654,000,000","138,700,000","295,300,000","80,700,000","52,000,000","144,500,000","71,000,000","43,000,000",,,,
CreditLossesProvision,"-779,000,000","-761,000,000","-471,000,000","779,000,000","-3,175,000,000","-773,000,000","-408,000,000","-441,000,000","-433,000,000","-255,000,000","-273,000,000","-643,000,000","-987,000,000","-1,152,000,000","-2,502,000,000","-3,930,000,000","-1,517,000,000","-315,000,000","-124,000,000","-21,000,000","-52,000,000","-177,000,000","-309,000,000","-903,000,000","-136,000,000","-163,000,000","-225,000,000","-70,000,000",,"-6,000,000","-60,100,000","-203,900,000","-323,500,000","-428,000,000","-760,500,000","-331,700,000",,,,
NonInterestExpense,"13,365,000,000","13,497,000,000","13,170,000,000","13,002,000,000","10,297,000,000","10,574,000,000","10,296,000,000","10,398,000,000","9,476,000,000","9,463,000,000","9,488,000,000","9,681,000,000","10,150,000,000","9,063,000,000","8,226,000,000","8,652,000,000","3,563,000,000","3,468,000,000","4,352,000,000","4,306,000,000","3,712,000,000","3,476,000,000","3,227,000,000","3,414,000,000","3,103,000,000","2,843,000,000","2,698,000,000","2,662,000,000","2,348,000,000","2,469,300,000","1,769,700,000","1,453,700,000","1,442,400,000","1,271,000,000","1,215,900,000","1,069,700,000",,,,
	OccupancyAndEquipment,"2,376,000,000","2,393,000,000","2,387,000,000","2,351,000,000","2,002,000,000","2,044,000,000","1,921,000,000","1,933,000,000","1,835,000,000","1,767,000,000","1,692,000,000","1,596,000,000","1,562,000,000","1,399,000,000","1,398,000,000","1,408,000,000","611,000,000","565,000,000","613,000,000","609,000,000","557,000,000","558,000,000","514,000,000","475,000,000","427,000,000","456,000,000","381,000,000","369,000,000","369,000,000","346,100,000","280,400,000","229,300,000","206,600,000","191,600,000","190,600,000","162,300,000",,,,
		NetOccupancyExpense,"967,000,000","982,000,000","992,000,000","940,000,000","826,000,000","834,000,000","818,000,000","868,000,000","861,000,000","842,000,000","833,000,000","833,000,000","827,000,000","738,000,000","730,000,000","713,000,000","331,000,000","318,000,000","310,000,000","313,000,000","267,000,000",,,,,,,,,,,,,,,,,,,
		Equipment,"1,409,000,000","1,411,000,000","1,395,000,000","1,411,000,000","1,176,000,000","1,210,000,000","1,103,000,000","1,065,000,000","974,000,000","925,000,000","859,000,000","763,000,000","735,000,000","661,000,000","668,000,000","695,000,000","280,000,000","247,000,000","303,000,000","296,000,000","290,000,000",,,,,,,,,,,,,,,,,,,
	SellingGeneralAndAdministration,"7,656,000,000","7,778,000,000","7,599,000,000","7,460,000,000","5,909,000,000","5,948,000,000","5,756,000,000","5,512,000,000","5,120,000,000","5,080,000,000","4,864,000,000","4,989,000,000","4,896,000,000","4,215,000,000","4,172,000,000","4,352,000,000","1,889,000,000","1,928,000,000","2,536,000,000","2,499,000,000","2,151,000,000","1,868,000,000","1,752,000,000","1,724,000,000","1,686,000,000","1,450,000,000","1,361,000,000","1,311,000,000","1,198,000,000","1,065,100,000","835,700,000","685,400,000","668,400,000","598,700,000","564,900,000","538,000,000",,,,
		GeneralAndAdministrativeExpense,"7,332,000,000","7,428,000,000","7,244,000,000","7,141,000,000","5,673,000,000","5,647,000,000","5,471,000,000","5,268,000,000","4,873,000,000","4,831,000,000","4,611,000,000","4,743,000,000","4,617,000,000","3,966,000,000","3,906,000,000","4,119,000,000","1,766,000,000","1,815,000,000","2,432,000,000","2,393,000,000","2,064,000,000","1,804,000,000","1,701,000,000","1,667,000,000","1,616,000,000","1,380,000,000","1,269,000,000","1,241,000,000","1,135,000,000","1,065,100,000","835,700,000","685,400,000","668,400,000","598,700,000","564,900,000","538,000,000",,,,
			SalariesAndWages,"7,332,000,000","7,428,000,000","7,244,000,000","7,141,000,000","5,673,000,000","5,647,000,000","5,471,000,000","5,268,000,000","4,873,000,000","4,831,000,000","4,611,000,000","4,743,000,000","4,617,000,000","3,966,000,000","3,906,000,000","4,119,000,000","1,766,000,000","1,815,000,000","2,432,000,000","2,393,000,000","2,064,000,000","1,804,000,000","1,701,000,000","1,667,000,000","1,616,000,000","1,380,000,000","1,269,000,000","1,241,000,000","1,135,000,000","1,065,100,000","835,700,000","685,400,000","668,400,000","598,700,000","564,900,000","538,000,000",,,,
		SellingAndMarketingExpense,"324,000,000","350,000,000","355,000,000","319,000,000","236,000,000","301,000,000","285,000,000","244,000,000","247,000,000","249,000,000","253,000,000","246,000,000","279,000,000","249,000,000","266,000,000","233,000,000","123,000,000","113,000,000","104,000,000","106,000,000","87,000,000","64,000,000","51,000,000","57,000,000","70,000,000","70,000,000","92,000,000","70,000,000","63,000,000",,,,,,,,,,,
	OtherNonInterestExpense,"3,333,000,000","3,326,000,000","3,184,000,000","3,191,000,000","2,386,000,000","2,582,000,000","2,619,000,000","2,953,000,000","2,521,000,000","2,616,000,000","2,932,000,000","3,096,000,000","3,692,000,000","3,449,000,000","2,656,000,000","2,892,000,000","1,063,000,000","975,000,000","1,203,000,000","1,198,000,000","1,004,000,000","1,050,000,000","961,000,000","1,215,000,000","990,000,000","937,000,000","956,000,000","982,000,000","781,000,000","1,058,100,000","653,600,000","539,000,000","567,400,000","480,700,000","460,400,000","369,400,000",,,,
IncomefromAssociatesandOtherParticipatingInterests,,,,,,,,,,,,,,,"160,000,000","1,076,000,000","0","-127,000,000","2,078,000,000","0","0",,,,,,,,,,,,,,,,,,,
SpecialIncomeCharges,,"-515,000,000",,,,,,,,,"94,000,000",,"-336,000,000","-42,000,000","-387,000,000","-386,000,000","-8,000,000","-184,000,000","-91,000,000",,,,,,,,,,,,,,,,,,,,,
	GainOnSaleOfBusiness,,,,,,,,,,,,,,,,,"114,000,000",,,,,,,,,,,,,,,,,,,,,,,
	RestructuringAndMergernAcquisition,,,,,,,,,,,,,"267,000,000","42,000,000","387,000,000","421,000,000","122,000,000","102,000,000",,,,,,,,,,,,,,,,,,,,,,
	ImpairmentOfCapitalAssets,,,,,,,,,,,,,"69,000,000","157,000,000","40,000,000","-35,000,000","35,000,000",,,,,,,,,,,,,,,,,,,,,,,
	OtherSpecialCharges,,"515,000,000",,,,,,,,,"-94,000,000",,,"3,491,000,000","-123,000,000","3,313,000,000","-107,000,000","82,000,000","91,000,000",,,,,,,,,,,,,,,,,,,,,
OtherNonOperatingIncomeExpenses,,,,,,,,,,,,,,,,"577,000,000",,,,,,,,,,,,,,,,,,,,,,,,
PretaxIncome,"6,389,000,000","6,736,000,000","7,473,000,000","6,988,000,000","3,429,000,000","5,492,000,000","5,486,000,000","5,490,000,000","5,253,000,000","5,507,000,000","5,614,000,000","5,688,000,000","4,039,000,000","4,069,000,000","4,061,000,000","3,225,000,000","1,094,000,000","1,924,000,000","4,005,000,000","2,000,000,000","1,777,000,000","1,568,000,000","1,821,000,000","564,000,000","1,848,000,000","1,788,000,000","1,651,000,000","1,618,000,000","1,527,000,000","627,100,000","902,400,000","1,116,600,000","778,100,000","548,200,000","29,400,000","485,200,000",,,,
TaxProvision,"1,115,000,000","1,089,000,000","1,360,000,000","1,263,000,000","426,000,000","901,000,000","928,000,000","102,000,000","1,268,000,000","1,364,000,000","1,407,000,000","1,476,000,000","1,045,000,000","998,000,000","1,037,000,000","867,000,000","298,000,000","561,000,000","1,363,000,000","604,000,000","538,000,000","539,000,000","621,000,000","187,000,000","634,000,000","586,000,000","571,000,000","566,000,000","535,000,000","219,000,000","292,300,000","371,300,000","248,700,000","158,400,000","-41,500,000","107,800,000",,,,
NetIncomeCommonStockholders,"4,775,000,000","5,126,000,000","5,708,000,000","5,409,000,000","7,249,000,000","5,108,000,000","5,040,000,000","5,053,000,000","3,662,000,000","3,864,000,000","3,936,000,000","3,934,000,000","2,806,000,000","2,998,000,000","3,011,000,000","2,003,000,000","861,000,000","1,467,000,000","2,594,000,000","1,324,000,000","1,196,000,000","1,000,000,000","1,183,000,000","359,000,000","1,260,000,000","1,245,000,000","1,115,000,000","1,052,000,000","992,000,000","403,000,000","607,700,000","723,400,000","423,800,000","386,500,000","67,400,000","372,600,000","437,000,000","249,800,000","231,300,000","181,600,000"
	NetIncome,"5,207,000,000","5,578,000,000","6,041,000,000","5,674,000,000","7,517,000,000","5,369,000,000","5,301,000,000","5,338,000,000","3,903,000,000","4,106,000,000","4,184,000,000","4,201,000,000","3,001,000,000","3,056,000,000","3,412,000,000","2,447,000,000","882,000,000","1,467,000,000","2,595,000,000","1,325,000,000","1,197,000,000","1,001,000,000","1,184,000,000","372,000,000","1,279,000,000","1,264,000,000","1,115,000,000","1,052,000,000","992,000,000","408,100,000","610,100,000","725,900,000","426,900,000","389,800,000","70,900,000","377,400,000","442,700,000","255,700,000","237,400,000","187,800,000"
		NetIncomeIncludingNoncontrollingInterests,"5,274,000,000","5,647,000,000","6,113,000,000","5,725,000,000","7,558,000,000","5,418,000,000","5,346,000,000","5,388,000,000","3,985,000,000","4,143,000,000","4,207,000,000","4,212,000,000","2,994,000,000","3,071,000,000","3,397,000,000","2,403,000,000","914,000,000","1,491,000,000","2,642,000,000","1,396,000,000","1,239,000,000","1,033,000,000","1,221,000,000","405,000,000","1,306,000,000","1,264,000,000","1,115,000,000","1,052,000,000","992,000,000","408,100,000","610,100,000","725,900,000","426,900,000","389,800,000","70,900,000","377,400,000","442,700,000","255,700,000","237,400,000","187,800,000"
			NetIncomeContinuousOperations,"5,274,000,000","5,647,000,000","6,113,000,000","5,725,000,000","3,003,000,000","4,591,000,000","4,558,000,000","5,388,000,000","3,985,000,000","4,143,000,000","4,207,000,000","4,212,000,000","2,994,000,000","3,071,000,000","3,024,000,000","2,358,000,000","796,000,000","1,363,000,000","2,642,000,000","1,396,000,000","1,239,000,000","1,029,000,000","1,200,000,000","377,000,000","1,214,000,000","1,202,000,000","1,080,000,000","1,052,000,000","992,000,000","408,100,000","610,100,000","745,300,000","529,400,000","389,800,000","70,900,000","377,400,000","442,700,000","255,700,000","237,400,000","187,800,000"
			NetIncomeDiscontinuousOperations,,,,,"4,555,000,000","827,000,000","788,000,000",,,,,,,,"373,000,000","45,000,000","118,000,000","128,000,000",,,,,"-16,000,000",,"65,000,000","62,000,000","35,000,000",,,,,,,,,,,,,
			NetIncomeExtraordinary,,,,,,,,,,,,,,,,,,,,,,"-28,000,000",,"-5,000,000",,,,,,,,"-19,400,000","-102,500,000",,,,,,,
		MinorityInterests,"-67,000,000","-69,000,000","-72,000,000","-51,000,000","-41,000,000","-49,000,000","-45,000,000","-50,000,000","-82,000,000","-37,000,000","-23,000,000","-11,000,000","7,000,000","-15,000,000","15,000,000","44,000,000","-32,000,000","-24,000,000","-47,000,000","-71,000,000","-42,000,000","-32,000,000","-37,000,000","-33,000,000","-27,000,000",,,,,,,,,,,,,,,
	PreferredStockDividends,"398,000,000","417,000,000","301,000,000","233,000,000","229,000,000","236,000,000","236,000,000","236,000,000","209,000,000","220,000,000","232,000,000","237,000,000","177,000,000","56,000,000","146,000,000","388,000,000","21,000,000",,"1,000,000","1,000,000","1,000,000","1,000,000","1,000,000","13,000,000","19,000,000","19,000,000","29,800,000","29,900,000","8,400,000","5,100,000","2,400,000","2,500,000","3,100,000","3,300,000","3,500,000","4,800,000",,,,
AverageDilutionEarnings,,,,,"-2,000,000","-10,000,000","-9,000,000","-16,000,000","-12,000,000","-18,000,000","-18,000,000","-18,000,000","-14,000,000","-19,000,000","-17,000,000","-15,000,000","-12,000,000","-21,000,000","-6,000,000","-7,000,000","-4,000,000",,,,,,,,,,,,,,,,,,,
DilutedNIAvailtoComStockholders,"4,775,000,000","5,126,000,000","5,708,000,000","5,409,000,000","2,716,000,000","5,098,000,000","5,031,000,000","5,037,000,000","3,650,000,000","3,846,000,000","3,918,000,000","3,916,000,000","2,792,000,000","2,979,000,000","2,994,000,000","1,988,000,000","849,000,000","1,446,000,000","2,589,000,000","1,318,000,000","1,193,000,000","1,000,000,000","1,183,000,000","359,000,000","1,260,000,000","1,245,000,000","1,115,000,000","1,052,000,000","992,000,000","403,000,000","607,700,000","723,400,000","423,800,000","386,500,000","67,400,000","372,600,000","437,000,000","249,800,000","231,300,000","181,600,000"
BasicEPS,"11.94","12.8","13.86","12.71","16.99","11.43","10.79","10.49","7.42","7.52","7.44","7.48","5.36","5.7","5.8","4.4","2.5","4.4","8.89","4.63","4.25","3.58","4.18","1.27","4.35","4.19","3.64","3.33","2.91","1.19","2.57","2.65","1.9","1.98","0.37","1.99","2.55","1.5","2.38","1.94"
DilutedEPS,"11.93","12.79","13.85","12.7","16.96","11.39","10.71","10.36","7.3","7.39","7.3","7.39","5.3","5.64","5.74","4.36","2.46","4.32","8.73","4.55","4.21","3.55","4.15","1.26","4.31","4.15","3.6","3.28","2.88","1.19","2.56","2.6","1.89","1.95","0.37","1.96","2.48","1.47","2.25","1.82"
BasicAverageShares,"400,500,000","401,000,000","412,000,000","426,000,000","427,000,000","447,000,000","467,000,000","481,000,000","494,000,000","514,000,000","529,000,000","528,000,000","526,000,000","524,000,000","517,000,000","454,000,000","344,000,000","331,000,000","292,000,000","286,000,000","281,000,000","280,000,000","283,000,000","282,677,165","289,655,172","297,136,038","306,318,681","315,915,916","340,893,471","339,130,000","236,610,000","236,386,000","223,052,632","195,202,020","182,162,162","187,236,181","171,372,549","166,533,333","161,722,000","93,608,247"
DilutedAverageShares,"400,500,000","401,000,000","412,000,000","426,000,000","427,000,000","448,000,000","470,000,000","486,000,000","500,000,000","521,000,000","537,000,000","532,000,000","529,000,000","526,000,000","520,000,000","455,000,000","347,000,000","334,000,000","297,000,000","290,000,000","284,000,000","281,000,000","285,000,000","284,920,635","292,343,387","300,000,000","309,722,222","320,731,707","344,444,444","344,920,000","238,450,000","238,421,000","224,232,804","198,205,128","182,162,162","190,102,041","176,209,677","169,931,973","161,722,000","99,780,220"
InterestIncomeAfterProvisionForLoanLoss,"12,608,000,000","13,155,000,000","12,543,000,000","11,426,000,000","6,771,000,000","9,192,000,000","9,313,000,000","8,667,000,000","7,958,000,000","8,023,000,000","8,252,000,000","8,504,000,000","8,653,000,000","7,548,000,000","6,728,000,000","5,153,000,000","2,337,000,000","2,632,000,000","2,121,000,000","2,133,000,000","1,917,000,000","1,819,000,000","1,888,000,000","1,359,000,000","2,028,000,000","2,181,000,000","2,263,000,000","2,425,000,000","2,444,000,000","2,135,900,000","1,849,500,000","1,625,100,000","1,333,800,000","1,007,200,000","588,800,000","974,400,000",,,,
NetIncomeFromContinuingAndDiscontinuedOperation,"5,207,000,000","5,578,000,000","6,041,000,000","5,674,000,000","7,517,000,000","5,369,000,000","5,301,000,000","5,338,000,000","3,903,000,000","4,106,000,000","4,184,000,000","4,201,000,000","3,001,000,000","3,056,000,000","3,412,000,000","2,447,000,000","882,000,000","1,467,000,000","2,595,000,000","1,325,000,000","1,197,000,000","1,029,000,000","1,184,000,000","377,000,000","1,279,000,000","1,264,000,000","1,115,000,000","1,052,000,000","992,000,000","408,100,000","610,100,000","745,300,000","529,400,000","389,800,000","70,900,000","377,400,000","442,700,000","255,700,000","237,400,000","187,800,000"
NormalizedIncome,"5,117,022,538.738","6,009,570,000","6,041,000,000","5,674,000,000","2,962,000,000","4,542,000,000","4,513,000,000","5,338,000,000","3,903,000,000","4,106,000,000","4,113,594,000","4,201,000,000","3,249,976,000","3,087,710,000","3,327,315,000","2,684,228,837.209","769,820,840.951","1,469,349,272.349","2,655,030,461.923","1,325,000,000","1,197,000,000","1,029,000,000","1,200,000,000","377,000,000","1,214,000,000","1,202,000,000","1,080,000,000","1,052,000,000","992,000,000","408,100,000","701,304,000.443","620,015,377.037","383,731,654.029","339,955,089.383","55,180,000","350,253,957.131","442,700,000","255,700,000","237,400,000","187,800,000"
TotalMoneyMarketInvestments,,,,,,,,,,,,,,,,,,,,,,,,,,,,,,,,,"25,800,000","51,800,000","92,000,000","165,100,000",,,,
ReconciledDepreciation,"166,000,000","217,000,000","651,000,000","1,773,000,000","1,497,000,000","1,315,000,000","1,129,000,000","1,117,000,000","1,193,000,000","1,088,000,000","988,000,000","1,146,000,000","1,159,000,000","1,140,000,000","1,059,000,000","978,000,000","463,000,000","391,000,000","345,000,000","375,000,000","302,000,000","289,000,000","242,000,000","260,000,000","340,000,000","305,000,000","310,000,000","346,000,000","290,000,000","296,000,000","246,000,000","148,000,000","137,000,000","71,500,000","85,800,000","70,500,000",,,,
NetIncomeFromContinuingOperationNetMinorityInterest,"5,207,000,000","5,578,000,000","6,041,000,000","5,674,000,000","2,962,000,000","4,542,000,000","4,513,000,000","5,338,000,000","3,903,000,000","4,106,000,000","4,184,000,000","4,201,000,000","3,001,000,000","3,056,000,000","3,039,000,000","2,402,000,000","764,000,000","1,339,000,000","2,595,000,000","1,325,000,000","1,197,000,000","1,029,000,000","1,200,000,000","377,000,000","1,214,000,000","1,202,000,000","1,080,000,000","1,052,000,000","992,000,000","408,100,000","610,100,000","745,300,000","529,400,000","389,800,000","70,900,000","377,400,000","442,700,000","255,700,000","237,400,000","187,800,000"
TotalUnusualItemsExcludingGoodwill,"109,000,000","-515,000,000",,,,,,,,,"94,000,000",,"-336,000,000","-42,000,000","-387,000,000","-386,000,000","-8,000,000","-184,000,000","-91,000,000",,,,,,,,,,,,"-134,900,000","187,700,000","214,100,000","70,100,000","26,200,000","34,900,000",,,,
TotalUnusualItems,"109,000,000","-515,000,000",,,,,,,,,"94,000,000",,"-336,000,000","-42,000,000","-387,000,000","-386,000,000","-8,000,000","-184,000,000","-91,000,000",,,,,,,,,,,,"-134,900,000","187,700,000","214,100,000","70,100,000","26,200,000","34,900,000",,,,
TaxRateForCalcs,"0.175","0.162","0.182","0.181","0.124","0.164","0.169","0.019","0.241","0.248","0.251","0.259","0.259","0.245","0.255","0.269","0.272","0.292","0.34","0.302","0.303","0.344","0.341","0.332","0.343","0.328","0.346","0.35","0.35","0.349","0.324","0.333","0.32","0.289","0.4","0.222","0.4","0.4","0.4","0.4"
TaxEffectOfUnusualItems,"19,022,538.738","-83,430,000","0","0","0","0","0","0","0","0","23,594,000","0","-87,024,000","-10,290,000","-98,685,000","-103,771,162.791","-2,179,159.049","-53,650,727.651","-30,969,538.077","0","0","0","0","0","0","0","0","0","0","0","-43,695,999.557","62,415,377.037","68,431,654.029","20,255,089.383","10,480,000","7,753,957.131","0","0","0","0"