name,ttm,12/31/2023,12/31/2022,12/31/2021,12/31/2020,12/31/2019,12/31/2018,12/31/2017,12/31/2016,12/31/2015,12/31/2014,12/31/2013,12/31/2012,12/31/2011,12/31/2010,12/31/2009,12/31/2008,12/31/2007,12/31/2006,12/31/2005,12/31/2004,12/31/2003,12/31/2002,12/31/2001
TotalRevenue,"62,181,000,000","54,265,000,000","56,960,000,000","71,149,000,000","57,030,000,000","64,800,000,000","62,992,000,000","59,689,000,000","58,779,000,000","57,119,000,000","54,105,000,000","41,461,000,000","84,847,000,000","49,085,000,000","38,217,000,000","32,566,000,000","29,219,000,000","34,401,000,000","32,268,000,000","31,347,000,000","27,813,000,000","27,298,000,000","26,071,000,000","26,415,000,000"
	TotalPremiumsEarned,"34,449,000,000","27,364,000,000","36,475,000,000","33,950,000,000","31,140,000,000","34,202,000,000","35,779,000,000","32,091,000,000","30,964,000,000","28,521,000,000","29,293,000,000","26,237,000,000","65,354,000,000","24,301,000,000","18,238,000,000","16,545,000,000","15,468,000,000","14,351,000,000","13,908,000,000","13,756,000,000","12,521,000,000","13,163,000,000","13,053,000,000","11,714,000,000"
		NetPremiumsWritten,"34,449,000,000","27,364,000,000","36,475,000,000","33,950,000,000","31,140,000,000","34,202,000,000","35,779,000,000","32,091,000,000","30,964,000,000","28,521,000,000","29,293,000,000","26,237,000,000","65,354,000,000","24,301,000,000","18,238,000,000",,,,,,,,,
			GrossPremiumsWritten,"41,738,000,000","34,480,000,000","38,793,000,000","36,367,000,000","33,427,000,000","36,282,000,000","37,622,000,000","33,902,000,000","32,727,000,000","30,143,000,000","30,800,000,000","27,716,000,000","66,790,000,000","25,654,000,000","19,501,000,000",,,,,,,,,
			CededPremiums,"-7,289,000,000","-7,116,000,000","-2,318,000,000","-2,417,000,000","-2,287,000,000","-2,080,000,000","-1,843,000,000","-1,811,000,000","-1,763,000,000","-1,622,000,000","-1,507,000,000","-1,479,000,000","-1,436,000,000","-1,353,000,000","-1,263,000,000",,,,,,,,,
	NetInvestmentIncome,"17,145,000,000","15,577,000,000","12,362,000,000","21,727,000,000","12,282,000,000","15,822,000,000","16,176,000,000","16,168,000,000","15,298,000,000","14,688,000,000","15,200,000,000","14,530,000,000","13,324,000,000","12,589,000,000","11,133,000,000","11,403,000,000","11,881,000,000","12,017,000,000","11,320,000,000","10,595,000,000","9,454,000,000","8,651,000,000","8,782,000,000","9,079,000,000"
	NetRealizedGainLossOnInvestments,"-1,687,000,000","-985,000,000","-1,162,000,000","2,174,000,000","1,238,000,000","1,297,000,000","1,977,000,000","699,000,000","2,416,000,000","4,166,000,000","1,692,000,000","-5,007,000,000","-1,104,000,000","3,366,000,000","1,782,000,000","-2,897,000,000","-2,399,000,000","613,000,000","774,000,000","1,378,000,000","778,000,000","375,000,000","-1,290,000,000","-603,000,000"
	FeeRevenueAndOtherIncome,"12,274,000,000","12,309,000,000","9,285,000,000","13,298,000,000","12,370,000,000","13,479,000,000","9,060,000,000","10,731,000,000","10,101,000,000","9,744,000,000","7,920,000,000","5,701,000,000","7,273,000,000","8,829,000,000","7,064,000,000","7,515,000,000","4,269,000,000","7,420,000,000","6,266,000,000","5,618,000,000","5,060,000,000","5,109,000,000","5,526,000,000","6,225,000,000"
		FeesAndCommissions,"8,343,000,000","8,244,000,000","8,677,000,000","10,334,000,000","10,420,000,000","10,217,000,000","10,102,000,000","9,430,000,000","9,658,000,000","9,744,000,000","9,898,000,000","8,900,000,000","7,542,000,000","8,829,000,000","7,064,000,000","7,515,000,000","4,269,000,000","7,420,000,000",,,,,,
		OtherIncomeExpense,"3,931,000,000","4,065,000,000","608,000,000","2,964,000,000","1,950,000,000","3,262,000,000","-1,042,000,000","1,301,000,000","443,000,000",,"-1,978,000,000","-3,199,000,000","-269,000,000",,,,,"7,420,000,000","6,266,000,000","5,618,000,000","5,060,000,000","5,109,000,000","5,526,000,000","6,225,000,000"
TotalExpenses,"58,772,000,000","51,193,000,000","58,852,000,000","60,314,000,000","57,353,000,000","59,715,000,000","58,158,000,000","53,202,000,000","53,074,000,000","49,350,000,000","52,346,000,000","43,145,000,000","84,139,000,000","44,121,000,000","34,077,000,000","31,014,000,000","30,358,000,000","29,715,000,000","27,874,000,000","27,073,000,000","24,547,000,000","25,421,000,000","25,989,000,000","24,122,000,000"
	LossAdjustmentExpense,"38,288,000,000","31,268,000,000","41,470,000,000","37,956,000,000","35,059,000,000","36,820,000,000","39,404,000,000","33,794,000,000","33,632,000,000","30,627,000,000","31,587,000,000","26,733,000,000","65,131,000,000","23,614,000,000","18,285,000,000","16,346,000,000","16,531,000,000","14,749,000,000","2,917,000,000","2,699,000,000","17,715,000,000","31,280,000,000","15,891,000,000","15,002,000,000"
		NetPolicyholderBenefitsAndClaims,"38,288,000,000","31,268,000,000","41,470,000,000","37,956,000,000","35,059,000,000","36,820,000,000","39,404,000,000","33,794,000,000","33,632,000,000","30,627,000,000","31,587,000,000","26,733,000,000","65,131,000,000","23,614,000,000","18,285,000,000","16,346,000,000","16,531,000,000","14,749,000,000","2,917,000,000","2,699,000,000","17,715,000,000","31,280,000,000","15,891,000,000","15,002,000,000"
			PolicyholderBenefitsGross,"46,529,000,000","39,509,000,000","44,635,000,000","41,286,000,000","38,173,000,000","39,905,000,000","41,738,000,000","36,491,000,000","36,067,000,000","32,349,000,000","33,744,000,000","28,267,000,000","66,510,000,000","24,927,000,000","19,532,000,000","16,346,000,000","16,531,000,000","14,749,000,000",,,,,,
			PolicyholderBenefitsCeded,,"8,241,000,000","3,165,000,000","3,330,000,000","3,114,000,000","3,085,000,000","2,334,000,000","2,697,000,000","2,435,000,000","1,722,000,000","2,157,000,000","1,534,000,000","1,379,000,000","1,313,000,000","1,247,000,000",,,,,,,,,
	PolicyholderInterest,"4,238,000,000","3,983,000,000","2,193,000,000","3,431,000,000","4,538,000,000","4,880,000,000","3,196,000,000","3,822,000,000","3,761,000,000","3,479,000,000","4,263,000,000","3,111,000,000","4,234,000,000","4,484,000,000","4,209,000,000","4,484,000,000","2,335,000,000","3,222,000,000",,,,,,
	PolicyholderDividends,"913,000,000","1,069,000,000","198,000,000","2,874,000,000","1,625,000,000","2,274,000,000","1,336,000,000","2,091,000,000","2,025,000,000","2,212,000,000","2,716,000,000","2,050,000,000","2,176,000,000","2,723,000,000","2,189,000,000","1,298,000,000","2,218,000,000","2,903,000,000",,,,,,
	PolicyAcquisitionExpense,"1,478,000,000","1,459,000,000","1,433,000,000","1,482,000,000","2,221,000,000","2,332,000,000","2,273,000,000","1,580,000,000","1,877,000,000","2,120,000,000","1,973,000,000","240,000,000","1,504,000,000","2,695,000,000","1,085,000,000",,,,,,,,,
	SellingGeneralAndAdministration,"13,325,000,000","12,951,000,000","12,576,000,000","13,609,000,000","13,913,000,000","13,416,000,000","11,949,000,000","11,915,000,000","11,779,000,000","10,912,000,000","11,807,000,000","11,011,000,000","11,094,000,000","10,605,000,000","8,309,000,000","7,392,000,000","9,274,000,000","8,841,000,000","8,052,000,000","7,641,000,000","6,844,000,000","7,173,000,000","8,229,000,000","9,120,000,000"
		GeneralAndAdministrativeExpense,"13,325,000,000","12,951,000,000","12,576,000,000","13,609,000,000","13,913,000,000","13,416,000,000","11,949,000,000","11,915,000,000","11,779,000,000","10,912,000,000","11,807,000,000","11,011,000,000","11,094,000,000","10,605,000,000","8,309,000,000",,,"8,841,000,000","8,052,000,000","7,641,000,000","6,844,000,000","7,173,000,000","8,229,000,000",
			SalariesAndWages,,,,,,,,,,,,,,,,,,"8,841,000,000","8,263,000,000","7,879,000,000","7,108,000,000","7,562,000,000","8,328,000,000",
			OtherGandA,"13,325,000,000","12,951,000,000","12,576,000,000","13,609,000,000","13,913,000,000","13,416,000,000","11,949,000,000","11,915,000,000","11,779,000,000","10,912,000,000","11,807,000,000","11,011,000,000","11,094,000,000","10,605,000,000","8,309,000,000",,,,"-211,000,000","-238,000,000","-264,000,000","-389,000,000","-99,000,000",
	NetNonOperatingInterestIncomeExpense,,,,,,,,,,,,,,,,,,,,,,"-1,830,000,000","-1,846,000,000",
		InterestExpenseNonOperating,,,,,,,,,,,,,,,,,,,,,,"1,830,000,000","1,846,000,000",
	IncomefromAssociatesandOtherParticipatingInterests,,,,"-14,000,000","2,000,000","-38,000,000",,,,,,,,,,,,,,,,,,
	SpecialIncomeCharges,,"-177,000,000","-903,000,000","-1,060,000,000","0","0",,,,,,,,,,,,,,,,"-491,000,000",,
		ImpairmentOfCapitalAssets,,"177,000,000","903,000,000","1,060,000,000","0","0",,,,,,,,,,,,,,,,,,
	OtherOperatingExpenses,"353,000,000","286,000,000","79,000,000","-98,000,000","-3,000,000","-7,000,000",,,,,,,,"3,292,000,000","1,437,000,000","1,494,000,000",,"17,652,000,000","16,905,000,000","16,733,000,000","17,703,000,000","17,757,000,000","1,869,000,000","340,000,000"
PretaxIncome,"3,409,000,000","3,072,000,000","-1,892,000,000","10,835,000,000","-323,000,000","5,085,000,000","4,834,000,000","6,487,000,000","5,705,000,000","7,769,000,000","1,759,000,000","-1,684,000,000","708,000,000","4,964,000,000","4,140,000,000","1,552,000,000","-1,139,000,000","4,686,000,000","4,394,000,000","4,274,000,000","3,266,000,000","1,877,000,000","82,000,000","-227,000,000"
TaxProvision,"661,000,000","613,000,000","-279,000,000","1,995,000,000","-81,000,000","947,000,000","822,000,000","-1,438,000,000","1,335,000,000","2,072,000,000","349,000,000","-1,058,000,000","213,000,000","1,515,000,000","1,243,000,000","-54,000,000","-487,000,000","1,245,000,000","1,245,000,000","803,000,000","931,000,000","621,000,000","-188,000,000","-57,000,000"
EarningsFromEquityInterestNetOfTax,"109,000,000","49,000,000","-62,000,000","98,000,000","96,000,000","100,000,000","76,000,000","49,000,000","49,000,000","15,000,000","16,000,000","59,000,000","60,000,000","182,000,000","82,000,000","1,523,000,000","-447,000,000","246,000,000","208,000,000","142,000,000","55,000,000","45,000,000",,
NetIncomeCommonStockholders,"2,817,000,000","2,459,000,000","-1,672,000,000","8,736,000,000","-395,000,000","4,140,000,000","4,026,000,000","7,768,000,000","4,318,000,000","5,587,000,000","1,481,000,000","-726,000,000","475,000,000","3,429,000,000","2,478,000,000","3,124,000,000","-1,117,000,000","3,704,000,000","3,428,000,000","3,540,000,000","2,256,000,000","1,264,000,000","194,000,000","-154,000,000"
	NetIncome,"2,851,000,000","2,488,000,000","-1,647,000,000","8,868,000,000","-374,000,000","4,186,000,000","4,074,000,000","7,863,000,000","4,368,000,000","5,642,000,000","1,381,000,000","-667,000,000","520,000,000","3,632,000,000","3,001,000,000","3,124,000,000","-1,117,000,000","3,704,000,000","3,428,000,000","3,540,000,000","2,256,000,000","1,264,000,000","194,000,000","-154,000,000"
		NetIncomeIncludingNoncontrollingInterests,"2,857,000,000","2,508,000,000","-1,675,000,000","8,938,000,000","-146,000,000","4,238,000,000","4,088,000,000","7,974,000,000","4,419,000,000","5,712,000,000","1,438,000,000","-560,000,000","570,000,000","3,666,000,000","3,012,000,000","3,090,000,000","-1,081,000,000","3,704,000,000","3,428,000,000","3,540,000,000","2,256,000,000","1,264,000,000","194,000,000","-154,000,000"
			NetIncomeContinuousOperations,"2,857,000,000","2,508,000,000","-1,675,000,000","8,938,000,000","-146,000,000","4,238,000,000","4,088,000,000","7,974,000,000","4,419,000,000","5,712,000,000","1,426,000,000","-567,000,000","555,000,000","3,631,000,000","2,979,000,000","3,129,000,000","-1,099,000,000","3,687,000,000","3,357,000,000","3,613,000,000","2,390,000,000","1,301,000,000","270,000,000","-92,000,000"
			NetIncomeDiscontinuousOperations,,,,,,,,,"0","0","12,000,000","7,000,000","15,000,000","35,000,000","33,000,000","-39,000,000","18,000,000","17,000,000","71,000,000","-73,000,000","-76,000,000","-37,000,000","-76,000,000","-62,000,000"
			NetIncomeExtraordinary,,,,,,,,,,,,,,,,,,,"0","0","-58,000,000",,"0","0"
			NetIncomeFromTaxLossCarryforward,,,,,,,,,,,,,,,,,,,,,"21,000,000",,,
		MinorityInterests,"-6,000,000","-20,000,000","28,000,000","-70,000,000","-228,000,000","-52,000,000","-14,000,000","-111,000,000","-51,000,000","-70,000,000","-57,000,000","-107,000,000","-50,000,000","-34,000,000","-11,000,000","34,000,000","-36,000,000",,,,,,,
	OtherunderPreferredStockDividend,"34,000,000","29,000,000","25,000,000","132,000,000","21,000,000","46,000,000","48,000,000","95,000,000","50,000,000","55,000,000","-100,000,000","59,000,000","45,000,000","203,000,000","523,000,000",,,,,,,,,
AverageDilutionEarnings,,"0","0","1,000,000","0","13,000,000","22,000,000","18,000,000","18,000,000","18,000,000","17,000,000","0","0","17,000,000","17,000,000",,,,,,,,,
DilutedNIAvailtoComStockholders,"2,817,000,000","2,459,000,000","-1,672,000,000","8,737,000,000","-395,000,000","4,153,000,000","4,048,000,000","7,786,000,000","4,336,000,000","5,605,000,000","1,498,000,000","-726,000,000","475,000,000","3,446,000,000","2,495,000,000","3,124,000,000","-1,117,000,000","3,704,000,000","3,428,000,000","3,540,000,000","2,256,000,000","1,264,000,000","194,000,000","-154,000,000"
BasicEPS,"7.83","6.765","-4.491","19.948","-0.945","10.341","9.756","18.415","10.168","12.619","3.023","-1.55","1.06","7.045","5.38","7.68","-2.53","7.75","6.63","6.45","3.38","1.99","1.25","0.07"
DilutedEPS,"7.829","6.74","-4.491","19.51","-1","10.187","9.559","18.034","10.168","12.17","3.023","-1.55","1.05","7.045","5.32","7.63","-2.53","7.61","6.5","6.34","3.31","1.98","1.25","0.07"
BasicAverageShares,"360,100,000","363,500,000","372,300,000","387,200,000","395,800,000","404,800,000","417,600,000","427,000,000","429,574,173","447,101,369","456,833,477","468,387,097","448,113,208","480,200,000","460,594,796","444,600,000","429,700,000","459,800,000","484,200,000","511,800,000","520,600,000","544,400,000","576,567,377","580,047,053"
DilutedAverageShares,"361,400,000","364,600,000","374,700,000","390,100,000","397,800,000","410,900,000","426,200,000","436,000,000","429,574,173","463,599,014","456,833,477","468,387,097","452,380,952","488,700,000","468,984,962","448,200,000","429,700,000","468,300,000","494,000,000","520,900,000","531,200,000","548,400,000","577,983,819","580,827,390"
NetIncomeFromContinuingAndDiscontinuedOperation,"2,851,000,000","2,488,000,000","-1,647,000,000","8,868,000,000","-374,000,000","4,186,000,000","4,074,000,000","7,863,000,000","4,368,000,000","5,642,000,000","1,381,000,000","-667,000,000","520,000,000","3,632,000,000","3,001,000,000","3,124,000,000","-1,117,000,000","3,704,000,000","3,428,000,000","3,540,000,000","2,314,000,000","1,264,000,000","194,000,000","-154,000,000"
NormalizedIncome,"2,993,679,964.799","2,629,600,000","-876,741,000","9,732,960,000","-374,000,000","4,186,000,000","4,074,000,000","7,863,000,000","4,368,000,000","5,642,000,000","1,369,000,000","-674,000,000","505,000,000","3,597,000,000","2,968,000,000","3,163,000,000","-1,135,000,000","3,687,000,000","3,357,000,000","3,613,000,000","2,390,000,000","1,629,554,075.653","270,000,000","-92,000,000"
EBIT,,,,,,,,,,,,,,,,,,,,,,"3,788,000,000","1,910,000,000",
ReconciledDepreciation,"255,000,000","-70,000,000","117,000,000","206,000,000","457,000,000","460,000,000","161,000,000","222,000,000","318,000,000","113,000,000","631,000,000","411,000,000","302,000,000","290,000,000","-104,000,000","175,000,000","717,000,000","272,000,000","350,000,000","501,000,000","537,000,000","714,000,000","559,000,000","446,000,000"
NetIncomeFromContinuingOperationNetMinorityInterest,"2,851,000,000","2,488,000,000","-1,647,000,000","8,868,000,000","-374,000,000","4,186,000,000","4,074,000,000","7,863,000,000","4,368,000,000","5,642,000,000","1,369,000,000","-674,000,000","505,000,000","3,597,000,000","2,968,000,000","3,163,000,000","-1,135,000,000","3,687,000,000","3,357,000,000","3,613,000,000","2,390,000,000","1,301,000,000","270,000,000","-92,000,000"
TotalUnusualItemsExcludingGoodwill,"-177,000,000","-177,000,000","-903,000,000","-1,060,000,000","0","0",,,,,,,,,,,,,,,,"-491,000,000",,
TotalUnusualItems,"-177,000,000","-177,000,000","-903,000,000","-1,060,000,000","0","0",,,,,,,,,,,,,,,,"-491,000,000",,
TaxRateForCalcs,"0.194","0.2","0.147","0.184","0.251","0.186","0.17","0.4","0.234","0.267","0.198","0.35","0.301","0.305","0.3","0.35","0.35","0.266","0.283","0.188","0.285","0.331","0.4","0.4"
TaxEffectOfUnusualItems,"-34,320,035.201","-35,400,000","-132,741,000","-195,040,000","0","0","0","0","0","0","0","0","0","0","0","0","0","0","0","0","0","-162,445,924.347","0","0"
InterestExpense,,,,,,,,,,,,,,,,,,,,,,"1,830,000,000","1,846,000,000",