name,ttm,12/31/2023,12/31/2022,12/31/2021,12/31/2020,12/31/2019,12/31/2018,12/31/2017,12/31/2016,12/31/2015,12/31/2014,12/31/2013,12/31/2012
TotalRevenue,"31,028,000,000","29,771,000,000","27,518,000,000","25,371,000,000","21,454,000,000","17,772,000,000","15,451,000,000","13,094,000,000","10,842,000,000","9,248,000,000","8,025,000,000","6,727,000,000","5,662,000,000"
	OperatingRevenue,"31,028,000,000","29,771,000,000","27,518,000,000","25,371,000,000","21,454,000,000","17,772,000,000","15,451,000,000","13,094,000,000","10,842,000,000","9,248,000,000","8,025,000,000","6,727,000,000","5,662,000,000"
CostOfRevenue,"16,918,000,000","16,067,000,000","13,745,000,000","11,375,000,000","9,675,000,000","8,170,000,000","6,855,000,000","5,430,000,000","4,434,000,000","3,419,000,000","2,816,000,000","2,337,000,000","1,883,000,000"
GrossProfit,"14,110,000,000","13,704,000,000","13,773,000,000","13,996,000,000","11,779,000,000","9,602,000,000","8,596,000,000","7,664,000,000","6,408,000,000","5,829,000,000","5,209,000,000","4,390,000,000","3,779,000,000"
OperatingExpense,"8,668,000,000","8,760,000,000","9,729,000,000","9,672,000,000","8,351,000,000","6,812,000,000","6,093,000,000","5,405,000,000","4,822,000,000","4,320,000,000","3,941,000,000","3,299,000,000","2,880,000,000"
	SellingGeneralAndAdministration,"3,870,000,000","3,868,000,000","4,356,000,000","4,559,000,000","3,931,000,000","3,112,000,000","2,855,000,000","2,400,000,000","1,997,000,000","1,810,000,000","1,687,000,000","1,169,000,000","1,007,000,000"
		GeneralAndAdministrativeExpense,"2,095,000,000","2,059,000,000","2,099,000,000","2,114,000,000","2,070,000,000","1,711,000,000","1,541,000,000","1,258,000,000","1,028,000,000","873,000,000","733,000,000","378,000,000","345,000,000"
			OtherGandA,"2,095,000,000","2,059,000,000","2,099,000,000","2,114,000,000","2,070,000,000","1,711,000,000","1,541,000,000","1,258,000,000","1,028,000,000","873,000,000","733,000,000","378,000,000","345,000,000"
		SellingAndMarketingExpense,"1,775,000,000","1,809,000,000","2,257,000,000","2,445,000,000","1,861,000,000","1,401,000,000","1,314,000,000","1,142,000,000","969,000,000","937,000,000","954,000,000","791,000,000","662,000,000"
	ResearchAndDevelopment,"2,969,000,000","2,973,000,000","3,253,000,000","3,038,000,000","2,642,000,000","2,085,000,000","1,831,000,000","1,740,000,000","834,000,000","792,000,000","747,000,000","727,000,000","677,000,000"
	DepreciationAmortizationDepletionIncomeStatement,,,,,,,"776,000,000","805,000,000","724,000,000","608,000,000","516,000,000","453,000,000","382,000,000"
		DepreciationAndAmortizationInIncomeStatement,,,,,,,"776,000,000","805,000,000","724,000,000","608,000,000","516,000,000","453,000,000","382,000,000"
	OtherOperatingExpenses,"1,829,000,000","1,919,000,000","2,120,000,000","2,075,000,000","1,778,000,000","1,615,000,000","1,407,000,000","1,265,000,000","1,267,000,000","1,110,000,000","991,000,000","950,000,000","814,000,000"
OperatingIncome,"5,442,000,000","4,944,000,000","4,044,000,000","4,324,000,000","3,428,000,000","2,790,000,000","2,503,000,000","2,259,000,000","1,586,000,000","1,509,000,000","1,268,000,000","1,091,000,000","899,000,000"
NetNonOperatingInterestIncomeExpense,"235,000,000","133,000,000","-130,000,000","-175,000,000","-121,000,000","82,000,000","91,000,000","78,000,000","56,000,000",,,,
	InterestIncomeNonOperating,"587,000,000","480,000,000","174,000,000","57,000,000","88,000,000","197,000,000","168,000,000","85,000,000","59,000,000",,,,
	InterestExpenseNonOperating,"352,000,000","347,000,000","304,000,000","232,000,000","209,000,000","115,000,000","77,000,000","7,000,000","3,000,000",,,,
OtherIncomeExpense,"-35,000,000","334,000,000","-548,000,000","-50,000,000","1,758,000,000","126,000,000","-218,000,000","-137,000,000","-11,000,000","-21,000,000","-7,000,000","-7,000,000","-8,000,000"
	GainOnSaleOfSecurity,"-35,000,000","201,000,000","-304,000,000","46,000,000","1,914,000,000","208,000,000","87,000,000",,,,,,
	SpecialIncomeCharges,"-53,000,000","84,000,000","-207,000,000","-62,000,000","-139,000,000","-71,000,000","-309,000,000","-132,000,000","0","-48,000,000","0","0","-19,000,000"
		RestructuringAndMergernAcquisition,"53,000,000","-84,000,000","207,000,000","62,000,000","139,000,000","71,000,000","309,000,000","132,000,000","0","48,000,000","0","0","19,000,000"
	OtherNonOperatingIncomeExpenses,"53,000,000","49,000,000","-37,000,000","-34,000,000","-17,000,000","-11,000,000","4,000,000","-5,000,000","-11,000,000","27,000,000","-7,000,000","-7,000,000","11,000,000"
PretaxIncome,"5,642,000,000","5,411,000,000","3,366,000,000","4,099,000,000","5,065,000,000","2,998,000,000","2,376,000,000","2,200,000,000","1,631,000,000","1,488,000,000","1,261,000,000","1,084,000,000","891,000,000"
TaxProvision,"1,204,000,000","1,165,000,000","947,000,000","-70,000,000","863,000,000","539,000,000","319,000,000","405,000,000","230,000,000","260,000,000","842,000,000","129,000,000","113,000,000"
NetIncomeCommonStockholders,"4,438,000,000","4,246,000,000","2,419,000,000","4,169,000,000","4,202,000,000","2,459,000,000","2,057,000,000","1,795,000,000","1,401,000,000","1,228,000,000","419,000,000","955,000,000","778,000,000"
	NetIncome,"4,438,000,000","4,246,000,000","2,419,000,000","4,169,000,000","4,202,000,000","2,459,000,000","2,057,000,000","1,795,000,000","1,401,000,000","1,228,000,000","419,000,000","955,000,000","778,000,000"
		NetIncomeIncludingNoncontrollingInterests,"4,438,000,000","4,246,000,000","2,419,000,000","4,169,000,000","4,202,000,000","2,459,000,000","2,057,000,000","1,795,000,000","1,401,000,000","1,228,000,000","419,000,000","955,000,000","778,000,000"
			NetIncomeContinuousOperations,"4,438,000,000","4,246,000,000","2,419,000,000","4,169,000,000","4,202,000,000","2,459,000,000","2,057,000,000","1,795,000,000","1,401,000,000","1,228,000,000","419,000,000","955,000,000","778,000,000"
DilutedNIAvailtoComStockholders,"4,438,000,000","4,246,000,000","2,419,000,000","4,169,000,000","4,202,000,000","2,459,000,000","2,057,000,000","1,795,000,000","1,401,000,000","1,228,000,000","419,000,000","955,000,000","778,000,000"
BasicEPS,"4.13","3.85","2.1","3.55","3.58","2.09","1.74","1.49","1.16","1","0.34","0.816","0.664"
DilutedEPS,"4.12","3.84","2.09","3.52","3.54","2.07","1.71","1.47","1.15","1","0.34","0.804","0.655"
BasicAverageShares,"1,069,500,000","1,103,000,000","1,154,000,000","1,174,000,000","1,173,000,000","1,174,000,000","1,184,000,000","1,203,000,000","1,210,000,000","1,222,000,000","1,218,000,000","1,171,000,000","1,171,000,000"
DilutedAverageShares,"1,075,000,000","1,107,000,000","1,158,000,000","1,186,000,000","1,187,000,000","1,188,000,000","1,203,000,000","1,221,000,000","1,218,000,000","1,229,000,000","1,224,000,000","1,188,000,000","1,188,000,000"
TotalOperatingIncomeAsReported,"5,389,000,000","5,028,000,000","3,837,000,000","4,262,000,000","3,289,000,000","2,719,000,000","2,194,000,000","2,127,000,000","1,586,000,000","1,461,000,000","1,268,000,000","1,091,000,000","880,000,000"
TotalExpenses,"25,586,000,000","24,827,000,000","23,474,000,000","21,047,000,000","18,026,000,000","14,982,000,000","12,948,000,000","10,835,000,000","9,256,000,000","7,739,000,000","6,757,000,000","5,636,000,000","4,763,000,000"
NetIncomeFromContinuingAndDiscontinuedOperation,"4,438,000,000","4,246,000,000","2,419,000,000","4,169,000,000","4,202,000,000","2,459,000,000","2,057,000,000","1,795,000,000","1,401,000,000","1,228,000,000","419,000,000","955,000,000","778,000,000"
NormalizedIncome,"4,507,220,843.672","4,022,275,000","2,786,409,000","4,180,680,000","2,728,750,000","2,346,660,000","2,249,252,000","1,902,712,000","1,401,000,000","1,267,600,000","419,000,000","955,000,000","794,530,000"
InterestIncome,"587,000,000","480,000,000","174,000,000","57,000,000","88,000,000","197,000,000","168,000,000","85,000,000","59,000,000",,,,
InterestExpense,"352,000,000","347,000,000","304,000,000","232,000,000","209,000,000","115,000,000","77,000,000","7,000,000","3,000,000",,,,
NetInterestIncome,"235,000,000","133,000,000","-130,000,000","-175,000,000","-121,000,000","82,000,000","91,000,000","78,000,000","56,000,000",,,,
EBIT,"5,994,000,000","5,758,000,000","3,670,000,000","4,331,000,000","5,274,000,000","3,113,000,000","2,453,000,000","2,207,000,000","1,634,000,000","1,509,000,000","1,268,000,000","1,091,000,000","899,000,000"
EBITDA,"7,055,000,000","6,830,000,000","4,987,000,000","5,596,000,000","6,463,000,000","4,025,000,000","3,229,000,000","3,012,000,000","2,358,000,000","2,117,000,000","1,784,000,000","1,544,000,000","1,281,000,000"
ReconciledCostOfRevenue,"16,918,000,000","16,067,000,000","13,745,000,000","11,375,000,000","9,675,000,000","8,170,000,000","6,855,000,000","5,430,000,000","4,434,000,000","3,419,000,000","2,816,000,000","2,337,000,000","1,883,000,000"
ReconciledDepreciation,"1,061,000,000","1,072,000,000","1,317,000,000","1,265,000,000","1,189,000,000","912,000,000","776,000,000","805,000,000","724,000,000","608,000,000","516,000,000","453,000,000","382,000,000"
NetIncomeFromContinuingOperationNetMinorityInterest,"4,438,000,000","4,246,000,000","2,419,000,000","4,169,000,000","4,202,000,000","2,459,000,000","2,057,000,000","1,795,000,000","1,401,000,000","1,228,000,000","419,000,000","955,000,000","778,000,000"
TotalUnusualItemsExcludingGoodwill,"-88,000,000","285,000,000","-511,000,000","-16,000,000","1,775,000,000","137,000,000","-222,000,000","-132,000,000","0","-48,000,000","0","0","-19,000,000"
TotalUnusualItems,"-88,000,000","285,000,000","-511,000,000","-16,000,000","1,775,000,000","137,000,000","-222,000,000","-132,000,000","0","-48,000,000","0","0","-19,000,000"
NormalizedEBITDA,"7,143,000,000","6,545,000,000","5,498,000,000","5,612,000,000","4,688,000,000","3,888,000,000","3,451,000,000","3,144,000,000","2,358,000,000","2,165,000,000","1,784,000,000","1,544,000,000","1,300,000,000"
TaxRateForCalcs,"0.213","0.215","0.281","0.27","0.17","0.18","0.134","0.184","0.141","0.175","0.35","0.119","0.13"
TaxEffectOfUnusualItems,"-18,779,156.328","61,275,000","-143,591,000","-4,320,000","301,750,000","24,660,000","-29,748,000","-24,288,000","0","-8,400,000","0","0","-2,470,000"