name,ttm,09/30/2023,09/30/2022,09/30/2021,09/30/2020,09/30/2019,09/30/2018,09/30/2017,09/30/2016,09/30/2015,09/30/2014,09/30/2013,09/30/2012,09/30/2011,09/30/2010,09/30/2009,09/30/2008,09/30/2007,09/30/2006,09/30/2005,09/30/2003
TotalRevenue,"34,918,000,000","32,653,000,000","29,310,000,000","24,105,000,000","21,846,000,000","22,977,000,000","20,609,000,000","18,358,000,000","15,082,000,000","13,880,000,000","12,702,000,000","11,778,000,000","10,421,000,000","9,188,000,000","8,065,000,000","6,911,000,000","6,263,000,000","3,589,796,000","2,948,126,000","2,664,605,000","1,980,000,000"
	OperatingRevenue,"45,520,000,000","42,471,000,000","37,614,000,000","30,797,000,000","27,078,000,000","27,837,000,000","25,156,000,000","22,082,000,000","17,668,000,000","15,918,000,000","14,524,000,000","13,383,000,000","11,872,000,000","10,413,000,000","8,912,000,000","6,911,000,000","6,263,000,000","3,814,780,000","3,255,565,000","2,945,865,000","1,980,000,000"
CostOfRevenue,"6,920,000,000","6,567,000,000","5,733,000,000","4,970,000,000","4,512,000,000","4,165,000,000","3,856,000,000","3,248,000,000","2,764,000,000","2,553,000,000","2,382,000,000","2,400,000,000","2,140,000,000","1,816,000,000","1,647,000,000","1,621,000,000","1,538,000,000","1,087,612,000","998,686,000","957,011,000",
GrossProfit,"27,998,000,000","26,086,000,000","23,577,000,000","19,135,000,000","17,334,000,000","18,812,000,000","16,753,000,000","15,110,000,000","12,318,000,000","11,327,000,000","10,320,000,000","9,378,000,000","8,281,000,000","7,372,000,000","6,418,000,000","5,290,000,000","4,725,000,000","2,502,184,000","1,949,440,000","1,707,594,000",
OperatingExpense,"4,621,000,000","4,159,000,000","3,896,000,000","3,328,000,000","3,242,000,000","3,411,000,000","3,192,000,000","2,947,000,000","2,556,000,000","2,249,000,000","2,170,000,000","2,136,000,000","2,042,000,000","1,909,000,000","1,874,000,000","1,750,000,000","2,023,000,000","1,298,849,000","1,196,892,000","1,122,338,000","3,398,000,000"
	SellingGeneralAndAdministration,"3,614,000,000","3,216,000,000","3,035,000,000","2,524,000,000","2,475,000,000","2,755,000,000","2,579,000,000","2,391,000,000","2,054,000,000","1,755,000,000","1,735,000,000","1,739,000,000","1,709,000,000","1,621,000,000","1,609,000,000","1,524,000,000","1,786,000,000","1,298,849,000","1,196,892,000","1,122,338,000",
		GeneralAndAdministrativeExpense,"2,202,000,000","1,875,000,000","1,699,000,000","1,388,000,000","1,504,000,000","1,650,000,000","1,591,000,000","1,469,000,000","1,185,000,000","883,000,000","835,000,000","863,000,000","836,000,000","751,000,000","645,000,000","606,000,000","770,000,000","717,966,000","722,947,000","665,416,000",
			SalariesAndWages,,,,,,,,,,,,,,,,,,"721,381,000","671,093,000",,
			OtherGandA,"2,202,000,000","1,875,000,000","1,699,000,000","1,388,000,000","1,504,000,000","1,650,000,000","1,591,000,000","1,469,000,000","1,185,000,000","883,000,000","835,000,000","863,000,000","836,000,000","751,000,000","645,000,000","606,000,000","770,000,000","717,966,000","722,947,000","665,416,000",
		SellingAndMarketingExpense,"1,412,000,000","1,341,000,000","1,336,000,000","1,136,000,000","971,000,000","1,105,000,000","988,000,000","922,000,000","869,000,000","872,000,000","900,000,000","876,000,000","873,000,000","870,000,000","964,000,000","918,000,000","1,016,000,000","580,883,000","473,945,000","456,922,000",
	DepreciationAmortizationDepletionIncomeStatement,"1,007,000,000","943,000,000","861,000,000","804,000,000","767,000,000","656,000,000","613,000,000","556,000,000","502,000,000","494,000,000","435,000,000","397,000,000","333,000,000","288,000,000","265,000,000","226,000,000","237,000,000",,,,
		DepreciationAndAmortizationInIncomeStatement,"1,007,000,000","943,000,000","861,000,000","804,000,000","767,000,000","656,000,000","613,000,000","556,000,000","502,000,000","494,000,000","435,000,000","397,000,000","333,000,000","288,000,000","265,000,000","226,000,000","237,000,000",,,,
	OtherOperatingExpenses,,,,,,,,,,,,,,,,,,"4,247,460,000","1,561,361,000",,
OperatingIncome,"23,377,000,000","21,927,000,000","19,681,000,000","15,807,000,000","14,092,000,000","15,401,000,000","13,561,000,000","12,163,000,000","9,762,000,000","9,078,000,000","8,150,000,000","7,242,000,000","6,239,000,000","5,463,000,000","4,544,000,000","3,540,000,000","2,702,000,000","1,203,335,000","752,548,000","585,256,000","-1,418,000,000"
NetNonOperatingInterestIncomeExpense,"-648,000,000","-644,000,000","-538,000,000","-513,000,000","-516,000,000","-533,000,000","-612,000,000","-563,000,000","-427,000,000","-3,000,000","-8,000,000",,"29,000,000","-32,000,000","-72,000,000","-115,000,000","-143,000,000","-80,658,000","-89,539,000","-108,485,000",
	InterestExpenseNonOperating,"648,000,000","644,000,000","538,000,000","513,000,000","516,000,000","533,000,000","612,000,000","563,000,000","427,000,000","3,000,000","8,000,000",,,"32,000,000","72,000,000","115,000,000","143,000,000","80,658,000","89,539,000","108,485,000",
	TotalOtherFinanceCost,,,,,,"533,000,000","612,000,000","563,000,000",,,,,"-29,000,000",,"72,000,000",,,,,,
OtherIncomeExpense,"451,000,000","-246,000,000","-1,007,000,000","769,000,000","214,000,000","16,000,000","-143,000,000","94,000,000","-1,323,000,000","-80,000,000","-418,000,000","15,000,000","-4,032,000,000","193,000,000","166,000,000","575,000,000","-1,223,000,000","-2,510,095,000","58,807,000","-20,526,000","-38,000,000"
	GainOnSaleOfSecurity,"1,032,000,000","681,000,000","-139,000,000","772,000,000","225,000,000","416,000,000","464,000,000","113,000,000",,,,,"42,000,000","108,000,000","52,000,000","575,000,000","211,000,000","102,459,000","68,330,000","81,009,000",
	EarningsFromEquityInterest,,,,,,,,,,,,,,,"-7,000,000","0","1,000,000","40,276,000","13,355,000","30,799,000",
	SpecialIncomeCharges,"-581,000,000","-927,000,000","-868,000,000","-3,000,000","-11,000,000","-400,000,000","-607,000,000","-19,000,000","-1,879,000,000","-14,000,000","-453,000,000","-3,000,000","-4,100,000,000","-7,000,000","42,000,000","0","-1,435,000,000","-2,652,830,000","-22,878,000","-132,334,000","-38,000,000"
		WriteOff,,,,,,,,,,,,,"6,000,000",,"3,000,000",,,,,,
		OtherSpecialCharges,"581,000,000","927,000,000","868,000,000","3,000,000","11,000,000","400,000,000","607,000,000","19,000,000","1,879,000,000","14,000,000","453,000,000","3,000,000","4,100,000,000","7,000,000","-45,000,000",,"1,435,000,000","2,652,830,000","22,878,000","132,334,000",
	OtherNonOperatingIncomeExpenses,,,,,,,"464,000,000","113,000,000","556,000,000","-66,000,000","35,000,000","18,000,000","68,000,000","200,000,000","72,000,000",,,,,,
PretaxIncome,"23,180,000,000","21,037,000,000","18,136,000,000","16,063,000,000","13,790,000,000","14,884,000,000","12,806,000,000","11,694,000,000","8,012,000,000","8,995,000,000","7,724,000,000","7,257,000,000","2,207,000,000","5,656,000,000","4,638,000,000","4,000,000,000","1,336,000,000","-1,387,418,000","721,816,000","456,245,000",
TaxProvision,"4,074,000,000","3,764,000,000","3,179,000,000","3,752,000,000","2,924,000,000","2,804,000,000","2,505,000,000","4,995,000,000","2,021,000,000","2,667,000,000","2,286,000,000","2,277,000,000","65,000,000","2,010,000,000","1,674,000,000","1,648,000,000","532,000,000","-315,993,000","251,338,000","183,296,000",
NetIncomeCommonStockholders,"19,106,000,000","17,273,000,000","14,957,000,000","12,311,000,000","10,866,000,000","12,080,000,000","10,301,000,000","6,699,000,000","5,929,000,000","6,313,000,000","5,421,000,000","4,961,000,000","2,137,000,000","3,638,000,000","2,957,000,000","2,353,000,000","742,000,000","-1,076,095,000","454,561,000","360,445,000","-885,000,000"
	NetIncome,"19,106,000,000","17,273,000,000","14,957,000,000","12,311,000,000","10,866,000,000","12,080,000,000","10,301,000,000","6,699,000,000","5,991,000,000","6,328,000,000","5,438,000,000","4,980,000,000","2,144,000,000","3,650,000,000","2,966,000,000","2,353,000,000","804,000,000","-1,076,095,000","454,561,000","264,701,000","-885,000,000"
		NetIncomeIncludingNoncontrollingInterests,"19,106,000,000","17,273,000,000","14,957,000,000","12,311,000,000","10,866,000,000","12,080,000,000","10,301,000,000","6,699,000,000","5,991,000,000","6,328,000,000","5,438,000,000","4,980,000,000","2,142,000,000","3,646,000,000","2,964,000,000","2,352,000,000","804,000,000","-1,071,425,000","470,478,000","272,949,000","-885,000,000"
			NetIncomeContinuousOperations,"19,106,000,000","17,273,000,000","14,957,000,000","12,311,000,000","10,866,000,000","12,080,000,000","10,301,000,000","6,699,000,000","5,991,000,000","6,328,000,000","5,438,000,000","4,980,000,000","2,142,000,000","3,646,000,000","2,964,000,000","2,352,000,000","804,000,000","-1,071,425,000","470,478,000","272,949,000","-885,000,000"
			NetIncomeExtraordinary,,,,,,,,,,,,,,,,,,"0","0",,
		MinorityInterests,,,,,,,,,,,"0","0","2,000,000","4,000,000","2,000,000","1,000,000","0","-4,670,000","-15,917,000","-8,248,000",
	OtherunderPreferredStockDividend,,,,,,,"359,000,000","232,000,000","62,000,000","15,000,000","17,000,000","19,000,000","7,000,000","12,000,000","9,000,000","4,000,000","62,000,000","0","0","-95,744,000",
AverageDilutionEarnings,,,,,,,"359,000,000","232,000,000","62,000,000","15,000,000","17,000,000","19,000,000","7,000,000","12,000,000","9,000,000","1,000,000","0",,,,
DilutedNIAvailtoComStockholders,"19,106,000,000","17,273,000,000","14,957,000,000","12,311,000,000","10,866,000,000","12,080,000,000","10,301,000,000","6,699,000,000","5,991,000,000","6,328,000,000","5,438,000,000","4,980,000,000","2,144,000,000","3,650,000,000","2,966,000,000","2,353,000,000","742,000,000","-1,076,095,000","454,561,000","360,445,000","-885,000,000"
BasicEPS,"9.35","8.29","7.01","5.63","4.9","5.32","4.43","2.8","2.49","2.58","2.163","1.903","0.663","1.108","2.593","0.778","0.24","-0.391","0.165","0.131","-0.285"
DilutedEPS,"9.34","8.28","7","5.63","4.89","5.32","4.42","2.8","2.48","2.58","2.155","1.898","0.555","0.893","2.58","0.775","0.24","-0.391","0.16","0.127","-0.285"
BasicAverageShares,"1,594,000,000","1,618,000,000","1,651,000,000","2,130,301,000","2,140,301,000","2,189,301,000","2,239,301,000","2,305,000,000","2,386,000,000","2,446,000,000","2,508,000,000","2,604,000,000","3,240,000,000","3,296,000,000","3,356,000,000","1,804,000,000","2,672,000,000","2,752,000,000","2,752,000,000","2,752,000,000","3,100,000,000"
DilutedAverageShares,"2,044,500,000","2,085,000,000","2,136,000,000","2,188,000,000","2,223,000,000","2,272,000,000","2,329,000,000","2,395,000,000","2,414,000,000","2,457,000,000","2,524,000,000","2,624,000,000","3,856,000,000","4,088,000,000","4,384,000,000","3,032,000,000","3,076,000,000","2,848,000,000","2,848,000,000","2,848,000,000","3,100,000,000"
TotalOperatingIncomeAsReported,"22,796,000,000","21,000,000,000","18,813,000,000","15,804,000,000","14,081,000,000","15,001,000,000","12,954,000,000","12,144,000,000","7,883,000,000","9,064,000,000","7,697,000,000","7,239,000,000","2,139,000,000","5,456,000,000","4,589,000,000","3,538,000,000","1,232,000,000","-1,449,495,000","729,670,000","452,922,000","-1,418,000,000"
TotalExpenses,"11,541,000,000","10,726,000,000","9,629,000,000","8,298,000,000","7,754,000,000","7,576,000,000","7,048,000,000","6,195,000,000","5,320,000,000","4,802,000,000","4,552,000,000","4,536,000,000","4,182,000,000","3,725,000,000","3,521,000,000","3,371,000,000","3,561,000,000","2,386,461,000","2,195,578,000","2,079,349,000","3,398,000,000"
NetIncomeFromContinuingAndDiscontinuedOperation,"19,106,000,000","17,273,000,000","14,957,000,000","12,311,000,000","10,866,000,000","12,080,000,000","10,301,000,000","6,699,000,000","5,991,000,000","6,328,000,000","5,438,000,000","4,980,000,000","2,144,000,000","3,650,000,000","2,966,000,000","2,353,000,000","804,000,000","-1,076,095,000","454,561,000","264,701,000","-885,000,000"
NormalizedIncome,"18,734,265,487.489","17,474,966,000","15,787,775,000","11,721,946,000","10,697,368,000","12,067,008,000","10,415,972,000","6,642,600,000","7,400,250,000","6,337,800,000","5,755,100,000","4,982,070,000","6,121,000,000","3,654,480,000","2,905,927,554.981","1,979,250,000","1,540,598,802.395","893,413,287.102","424,935,491.483","295,496,000","-862,200,000"
InterestExpense,"648,000,000","644,000,000","538,000,000","513,000,000","516,000,000","533,000,000","612,000,000","563,000,000","427,000,000","3,000,000","8,000,000",,,"32,000,000","72,000,000","115,000,000","143,000,000","80,658,000","89,539,000","108,485,000",
NetInterestIncome,"-648,000,000","-644,000,000","-538,000,000","-513,000,000","-516,000,000","-533,000,000","-612,000,000","-563,000,000","-427,000,000","-3,000,000","-8,000,000",,"29,000,000","-32,000,000","-72,000,000","-115,000,000","-143,000,000","-80,658,000","-89,539,000","-108,485,000",
EBIT,"23,828,000,000","21,681,000,000","18,674,000,000","16,576,000,000","14,306,000,000","15,417,000,000","13,418,000,000","12,163,000,000","8,439,000,000","8,998,000,000","7,732,000,000","7,242,000,000","6,239,000,000","5,463,000,000","4,544,000,000","4,115,000,000","1,479,000,000","-1,306,760,000","811,355,000","564,730,000","-1,418,000,000"
EBITDA,"24,835,000,000","22,624,000,000","19,535,000,000","17,380,000,000","15,073,000,000","16,073,000,000","14,031,000,000","12,719,000,000","8,941,000,000","9,492,000,000","8,167,000,000","7,639,000,000","6,572,000,000","5,751,000,000","4,809,000,000","4,341,000,000","1,716,000,000","-1,180,760,000","966,355,000","700,258,000","-1,418,000,000"
ReconciledCostOfRevenue,"6,920,000,000","6,567,000,000","5,733,000,000","4,970,000,000","4,512,000,000","4,165,000,000","3,856,000,000","3,248,000,000","2,764,000,000","2,553,000,000","2,382,000,000","2,400,000,000","2,140,000,000","1,816,000,000","1,647,000,000","1,621,000,000","1,538,000,000","1,087,612,000","998,686,000","957,011,000",
ReconciledDepreciation,"1,007,000,000","943,000,000","861,000,000","804,000,000","767,000,000","656,000,000","613,000,000","556,000,000","502,000,000","494,000,000","435,000,000","397,000,000","333,000,000","288,000,000","265,000,000","226,000,000","237,000,000","126,000,000","155,000,000","135,528,000",
NetIncomeFromContinuingOperationNetMinorityInterest,"19,106,000,000","17,273,000,000","14,957,000,000","12,311,000,000","10,866,000,000","12,080,000,000","10,301,000,000","6,699,000,000","5,991,000,000","6,328,000,000","5,438,000,000","4,980,000,000","2,144,000,000","3,650,000,000","2,966,000,000","2,353,000,000","804,000,000","-1,076,095,000","454,561,000","264,701,000","-885,000,000"
TotalUnusualItemsExcludingGoodwill,"451,000,000","-246,000,000","-1,007,000,000","769,000,000","214,000,000","16,000,000","-143,000,000","94,000,000","-1,879,000,000","-14,000,000","-453,000,000","-3,000,000","-4,100,000,000","-7,000,000","94,000,000","575,000,000","-1,224,000,000","-2,550,371,000","45,452,000","-51,325,000","-38,000,000"
TotalUnusualItems,"451,000,000","-246,000,000","-1,007,000,000","769,000,000","214,000,000","16,000,000","-143,000,000","94,000,000","-1,879,000,000","-14,000,000","-453,000,000","-3,000,000","-4,100,000,000","-7,000,000","94,000,000","575,000,000","-1,224,000,000","-2,550,371,000","45,452,000","-51,325,000","-38,000,000"
NormalizedEBITDA,"24,384,000,000","22,870,000,000","20,542,000,000","16,611,000,000","14,859,000,000","16,057,000,000","14,174,000,000","12,625,000,000","10,820,000,000","9,506,000,000","8,620,000,000","7,642,000,000","10,672,000,000","5,758,000,000","4,715,000,000","3,766,000,000","2,940,000,000","1,369,611,000","920,903,000","751,583,000","-1,380,000,000"
TaxRateForCalcs,"0.176","0.179","0.175","0.234","0.212","0.188","0.196","0.4","0.25","0.3","0.3","0.31","0.03","0.36","0.361","0.35","0.398","0.228","0.348","0.4","0.4"
TaxEffectOfUnusualItems,"79,265,487.489","-44,034,000","-176,225,000","179,946,000","45,368,000","3,008,000","-28,028,000","37,600,000","-469,750,000","-4,200,000","-135,900,000","-930,000","-123,000,000","-2,520,000","33,927,554.981","201,250,000","-487,401,197.605","-580,862,712.898","15,826,491.483","-20,530,000","-15,200,000"