name,ttm,12/31/2023,12/31/2022,12/31/2021,12/31/2020,12/31/2019,12/31/2018,12/31/2017,12/31/2016,12/31/2015,12/31/2014,12/31/2013,12/31/2012,12/31/2011,12/31/2010,12/31/2009,12/31/2008,12/31/2007,12/31/2006,12/31/2005,12/31/2004,12/31/2003,12/31/2002,12/31/2001,12/31/2000,12/31/1999,12/31/1998,12/31/1997,12/31/1996,12/31/1995,12/31/1994,12/31/1993,12/31/1992,12/31/1991,12/31/1990,12/31/1989,12/31/1988,12/31/1987,12/31/1986,12/31/1985
TotalRevenue,"82,887,000,000","82,597,000,000","74,368,000,000","79,166,000,000","74,264,000,000","86,832,000,000","86,408,000,000","88,389,000,000","88,267,000,000","83,827,000,000","81,967,000,000","82,308,000,000","84,601,000,000","79,466,000,000","84,431,000,000","88,501,000,000","42,634,000,000","38,656,000,000","34,953,000,000","32,438,000,000","29,665,000,000","28,389,000,000","25,249,000,000","20,981,000,000","19,708,000,000","18,091,000,000","15,417,000,000","14,323,000,000","12,991,000,000","5,117,500,000","4,441,900,000","3,918,600,000","3,211,700,000","2,620,100,000","1,856,000,000","1,486,700,000",,,,
	NetInterestIncome,"50,026,000,000","52,375,000,000","44,950,000,000","35,779,000,000","39,956,000,000","47,303,000,000","49,995,000,000","49,557,000,000","47,754,000,000","45,301,000,000","43,527,000,000","42,800,000,000","43,230,000,000","42,763,000,000","44,757,000,000","46,324,000,000","25,143,000,000","20,974,000,000","19,951,000,000","18,504,000,000","17,150,000,000","16,007,000,000","14,482,000,000","11,976,000,000","10,865,000,000","10,116,000,000","8,990,000,000","8,648,000,000","8,222,000,000","3,269,300,000","2,803,600,000","2,376,100,000","2,009,000,000","1,631,500,000","1,151,400,000","957,700,000",,,,
		InterestIncome,"90,656,000,000","85,118,000,000","54,024,000,000","39,694,000,000","47,919,000,000","66,155,000,000","64,647,000,000","58,909,000,000","53,663,000,000","49,277,000,000","47,552,000,000","47,089,000,000","48,391,000,000","49,412,000,000","52,796,000,000","56,274,000,000","34,898,000,000","35,177,000,000","32,239,000,000","25,962,000,000","20,967,000,000","19,418,000,000","18,459,000,000","18,717,000,000","18,725,000,000","15,934,000,000","14,055,000,000","13,602,000,000","12,841,000,000","5,717,300,000","4,393,700,000","3,734,100,000","3,425,400,000","3,431,700,000","2,777,700,000","2,400,900,000",,,,
			InterestIncomeFromLoansAndLease,"59,420,000,000","57,518,000,000","38,228,000,000","29,499,000,000","35,177,000,000","45,110,000,000","44,891,000,000","42,224,000,000","40,327,000,000","37,379,000,000","36,497,000,000","36,874,000,000","38,348,000,000","38,949,000,000","41,597,000,000","43,702,000,000","29,253,000,000","31,260,000,000","28,404,000,000","23,619,000,000","18,810,000,000","17,324,000,000","15,747,000,000","15,889,000,000","14,864,000,000","12,200,000,000","11,056,000,000","10,851,000,000","10,182,000,000","4,517,700,000","3,439,800,000","2,918,000,000","2,495,200,000","2,547,100,000","2,223,700,000","1,991,200,000",,,,
				InterestIncomeFromLoans,"59,420,000,000","57,518,000,000","38,228,000,000","29,499,000,000","35,177,000,000","45,110,000,000","44,891,000,000","42,224,000,000","40,327,000,000","37,379,000,000","36,497,000,000","36,874,000,000","38,348,000,000","38,949,000,000","41,597,000,000","43,702,000,000","29,253,000,000","31,260,000,000","28,404,000,000","23,619,000,000","18,810,000,000","17,324,000,000","15,747,000,000","15,889,000,000","14,864,000,000","12,200,000,000","11,056,000,000","10,851,000,000","10,182,000,000","4,517,700,000","3,439,800,000","2,918,000,000","2,495,200,000","2,547,100,000","2,223,700,000","1,991,200,000",,,,
			InterestIncomeFromSecurities,"17,684,000,000","16,790,000,000","12,488,000,000","9,861,000,000","11,788,000,000","15,917,000,000","15,398,000,000","13,745,000,000","11,879,000,000","10,908,000,000","10,123,000,000","9,492,000,000","9,456,000,000","9,915,000,000","10,764,000,000","12,237,000,000","5,464,000,000","3,624,000,000","3,503,000,000","2,111,000,000","2,028,000,000","1,816,000,000","2,424,000,000","2,544,000,000","3,520,000,000","3,484,000,000","2,742,000,000","2,553,000,000","2,479,000,000","1,199,600,000","953,900,000","816,100,000","930,200,000","884,600,000","554,000,000","409,700,000",,,,
			OtherInterestIncome,"13,552,000,000","10,810,000,000","3,308,000,000","334,000,000","954,000,000","5,128,000,000","4,358,000,000","2,940,000,000","1,457,000,000","990,000,000","932,000,000","723,000,000","587,000,000","548,000,000","435,000,000","335,000,000","181,000,000","293,000,000","332,000,000","232,000,000","129,000,000","278,000,000","288,000,000","284,000,000","341,000,000","250,000,000","257,000,000","198,000,000","180,000,000",,,,,,,,,,,
		InterestExpense,"40,630,000,000","32,743,000,000","9,074,000,000","3,915,000,000","7,963,000,000","18,852,000,000","14,652,000,000","9,352,000,000","5,909,000,000","3,976,000,000","4,025,000,000","4,289,000,000","5,161,000,000","6,649,000,000","8,039,000,000","9,950,000,000","9,755,000,000","14,203,000,000","12,288,000,000","7,458,000,000","3,817,000,000","3,411,000,000","3,977,000,000","6,741,000,000","7,860,000,000","5,818,000,000","5,065,000,000","4,954,000,000","4,619,000,000","2,448,000,000","1,590,100,000","1,358,000,000","1,416,400,000","1,800,200,000","1,626,300,000","1,443,200,000",,,,
			InterestExpenseForDeposit,"21,897,000,000","16,503,000,000","2,349,000,000","388,000,000","2,804,000,000","8,635,000,000","5,622,000,000","3,013,000,000","1,395,000,000","963,000,000","1,096,000,000","1,337,000,000","1,727,000,000","2,275,000,000","2,832,000,000","3,774,000,000","4,521,000,000","8,152,000,000","7,174,000,000","3,848,000,000","1,827,000,000","1,613,000,000","1,919,000,000","3,553,000,000","4,089,000,000","3,166,000,000","3,111,000,000","3,150,000,000","2,911,000,000","1,156,300,000","863,400,000","777,500,000","839,700,000","1,185,800,000","966,200,000","845,300,000",,,,
			InterestExpenseForShortTermDebt,"4,912,000,000","3,848,000,000","582,000,000","-41,000,000","250,000,000","2,316,000,000","1,717,000,000","758,000,000","330,000,000","64,000,000","59,000,000","60,000,000","79,000,000","80,000,000","92,000,000","222,000,000","1,478,000,000","1,245,000,000","992,000,000","744,000,000","353,000,000","322,000,000","536,000,000","1,273,000,000","1,758,000,000","1,127,000,000","777,000,000","610,000,000","562,000,000","515,800,000","290,300,000","234,300,000","269,600,000","309,100,000","405,700,000","355,700,000",,,,
			InterestExpenseForLongTermDebtAndCapitalSecurities,"12,881,000,000","11,572,000,000","5,505,000,000","3,173,000,000","4,471,000,000","7,350,000,000","6,703,000,000","5,157,000,000","3,830,000,000","2,592,000,000","2,488,000,000","2,585,000,000","3,110,000,000","3,978,000,000","4,888,000,000","5,782,000,000","3,756,000,000","4,806,000,000","4,122,000,000","2,866,000,000","1,637,000,000","1,355,000,000","1,404,000,000","1,826,000,000","1,939,000,000","1,452,000,000","1,097,000,000","1,093,000,000","1,140,000,000","775,900,000","436,400,000","346,200,000","307,100,000","305,300,000","254,400,000","242,200,000",,,,
			OtherInterestExpense,"940,000,000","820,000,000","638,000,000","395,000,000","438,000,000","551,000,000","610,000,000","424,000,000","354,000,000","357,000,000","382,000,000","307,000,000","245,000,000","316,000,000","227,000,000","172,000,000",,,,,,"121,000,000","118,000,000","89,000,000","74,000,000","73,000,000","80,000,000","101,000,000","6,000,000",,,,,,,,,,,
	NonInterestIncome,"32,861,000,000","30,222,000,000","29,418,000,000","43,387,000,000","34,308,000,000","39,529,000,000","36,413,000,000","38,832,000,000","40,513,000,000","38,526,000,000","38,440,000,000","39,508,000,000","41,371,000,000","36,703,000,000","39,674,000,000","42,177,000,000","17,491,000,000","17,682,000,000","15,002,000,000","13,934,000,000","12,515,000,000","12,382,000,000","10,767,000,000","9,005,000,000","8,843,000,000","7,975,000,000","6,427,000,000","5,675,000,000","4,769,000,000","1,848,200,000","1,638,300,000","1,542,500,000","1,202,700,000","988,600,000","704,600,000","529,000,000",,,,
		TotalPremiumsEarned,,,,,,"1,036,000,000","1,080,000,000","1,643,000,000","1,855,000,000","2,273,000,000","2,213,000,000","2,380,000,000","2,607,000,000","2,660,000,000","2,126,000,000","2,126,000,000","1,830,000,000","1,530,000,000","1,340,000,000","1,215,000,000","1,193,000,000",,,,,,,,,,,,,,,,,,,
		FeesAndCommissions,"22,662,000,000","21,877,000,000","22,847,000,000","24,599,000,000","22,254,000,000","24,106,000,000","25,401,000,000","26,785,000,000","27,352,000,000","28,482,000,000","28,737,000,000","26,158,000,000","24,022,000,000","25,732,000,000","26,832,000,000","28,754,000,000","11,780,000,000","12,471,000,000","10,426,000,000","9,672,000,000","8,863,000,000","6,873,000,000","6,358,000,000","5,707,000,000","5,162,000,000","4,610,000,000","3,891,000,000","3,472,000,000","3,012,000,000","1,097,300,000","950,900,000","641,600,000","586,800,000","549,700,000","349,800,000","281,300,000",,,,
			FeesandCommissionIncome,"22,662,000,000","21,877,000,000","22,847,000,000","24,599,000,000","22,393,000,000","24,106,000,000","25,401,000,000","26,785,000,000","27,352,000,000","28,482,000,000","28,737,000,000","26,158,000,000","24,022,000,000","25,732,000,000","26,832,000,000","28,754,000,000","11,780,000,000","12,471,000,000","10,426,000,000","9,672,000,000","8,863,000,000","6,873,000,000","6,358,000,000","5,707,000,000","5,162,000,000","4,610,000,000","3,891,000,000","3,472,000,000","3,012,000,000","1,097,300,000","950,900,000","641,600,000","586,800,000","549,700,000","349,800,000","281,300,000",,,,
				ServiceChargeOnDepositorAccounts,"6,810,000,000","6,576,000,000","7,246,000,000","7,114,000,000","6,602,000,000","7,815,000,000","8,742,000,000","9,060,000,000","9,637,000,000","10,082,000,000","10,949,000,000","10,055,000,000","9,301,000,000","10,526,000,000","10,206,000,000","13,564,000,000","5,648,000,000","6,098,000,000","5,045,000,000","5,051,000,000","4,839,000,000","2,361,000,000","2,179,000,000","1,876,000,000","1,704,000,000","1,580,000,000","1,357,000,000","1,244,000,000","1,198,000,000","268,800,000","234,400,000","190,200,000","161,400,000","145,900,000","92,900,000","81,100,000",,,,
				TrustFeesbyCommissions,"9,139,000,000","8,670,000,000","9,004,000,000","11,011,000,000","9,863,000,000","9,814,000,000","3,316,000,000","3,372,000,000","3,336,000,000","3,394,000,000","3,387,000,000","3,289,000,000","3,080,000,000","3,008,000,000","10,934,000,000","9,735,000,000","2,924,000,000","3,149,000,000","2,737,000,000","2,436,000,000","2,116,000,000","1,937,000,000","1,875,000,000","1,791,000,000","1,624,000,000","1,366,000,000","1,068,000,000","954,000,000","775,000,000","240,700,000","210,300,000","179,800,000","155,700,000","127,600,000","90,400,000","73,000,000",,,,
				SecuritiesActivities,"2,426,000,000","2,375,000,000","2,242,000,000","2,299,000,000","2,384,000,000","2,461,000,000","9,436,000,000","9,358,000,000","9,216,000,000","9,435,000,000","9,183,000,000","8,395,000,000","7,524,000,000","7,332,000,000",,,,,,,,,,,,,,,,,,,,,,,,,,
				CreditCard,"4,287,000,000","4,256,000,000","4,355,000,000","4,175,000,000","3,544,000,000","4,016,000,000","3,907,000,000","3,960,000,000","3,936,000,000","3,720,000,000","3,431,000,000","3,191,000,000","2,838,000,000","3,653,000,000","3,652,000,000","3,683,000,000","2,336,000,000","2,136,000,000","1,747,000,000","1,458,000,000","1,230,000,000",,,,,,,,,,,,,,,,,,,
				OtherCustomerServices,,"2,375,000,000","2,242,000,000","2,299,000,000","2,384,000,000","779,000,000","900,000,000","1,035,000,000","1,227,000,000","1,851,000,000","1,787,000,000","1,228,000,000","1,279,000,000","1,213,000,000","2,040,000,000","1,772,000,000","872,000,000","1,088,000,000","897,000,000","727,000,000","678,000,000","2,575,000,000","2,304,000,000","2,040,000,000","1,834,000,000","1,664,000,000","1,466,000,000","1,274,000,000","1,039,000,000","587,800,000","506,200,000","271,600,000","269,700,000","276,200,000","166,500,000","127,200,000",,,,
			FeesandCommissionExpense,,,,,"139,000,000","2,489,000,000","2,192,000,000","1,638,000,000",,,,,,,,,,,,,,,,,,,,,,,,,,,,,,,,
		InvestmentBankingProfit,"2,215,000,000","1,649,000,000","1,439,000,000","2,354,000,000","1,865,000,000","1,797,000,000","1,757,000,000","1,765,000,000","1,691,000,000","1,639,000,000","1,710,000,000","1,746,000,000","1,286,000,000","964,000,000","9,737,000,000","12,028,000,000","2,525,000,000",,,,,,"1,713,000,000","1,671,000,000","1,444,000,000","1,407,000,000","1,106,000,000","927,000,000","844,000,000","535,500,000","581,000,000","472,300,000","273,200,000","185,200,000","130,600,000","74,500,000",,,,
		TradingGainLoss,"5,320,000,000","4,368,000,000","1,461,000,000","7,264,000,000","2,710,000,000","3,976,000,000","-5,064,000,000","3,519,000,000","769,000,000","614,000,000","1,161,000,000","1,623,000,000","1,707,000,000","1,014,000,000","1,648,000,000","2,674,000,000","275,000,000","544,000,000",,,,,,,,,,,,,,,,,,,,,,
		GainLossonSaleofAssets,"392,000,000","393,000,000","850,000,000","4,762,000,000","3,632,000,000","2,193,000,000","8,933,000,000","2,204,000,000","6,217,000,000","5,012,000,000","3,637,000,000","6,825,000,000","10,132,000,000","4,620,000,000","6,073,000,000","6,110,000,000","2,329,000,000","1,498,000,000","1,097,000,000","965,000,000","524,000,000","59,000,000","-34,000,000","-1,222,000,000","1,391,000,000","780,000,000","282,000,000","290,000,000","268,000,000","57,600,000","-2,100,000","109,600,000","38,600,000","12,000,000","15,000,000","-13,600,000",,,,
			GainOnSaleOfSecurity,"0","0","0","0","-1,800,000,000","-141,000,000","7,290,000,000","-764,000,000","1,831,000,000","952,000,000","593,000,000","-29,000,000","-128,000,000","54,000,000","-324,000,000","-127,000,000","1,037,000,000","209,000,000","-19,000,000","-120,000,000","-15,000,000","59,000,000","-34,000,000","-1,222,000,000","-739,000,000","-228,000,000","169,000,000","99,000,000","12,000,000","-44,500,000","-79,200,000","50,100,000","8,900,000","16,600,000","4,700,000","-7,600,000",,,,
			GainonSaleofLoans,"392,000,000","393,000,000","850,000,000","4,762,000,000","5,432,000,000","2,334,000,000","1,643,000,000","2,968,000,000","4,386,000,000","4,060,000,000","3,044,000,000","6,854,000,000","10,260,000,000","4,566,000,000","6,397,000,000","6,237,000,000","1,292,000,000","1,289,000,000","1,116,000,000","1,085,000,000","539,000,000",,,,,,,,,,,,,,,,,,,
			GainonSaleofInvestmentProperty,,,,,,,,,,,,,,"524,000,000","815,000,000","685,000,000",,,,,,,"-327,000,000","-1,630,000,000","2,130,000,000","1,008,000,000","113,000,000","191,000,000","256,000,000","102,100,000","77,100,000","59,500,000","29,700,000","-4,600,000","10,300,000","-6,000,000",,,,
		OtherNonInterestIncome,"2,272,000,000","1,935,000,000","2,821,000,000","4,408,000,000","3,847,000,000","7,457,000,000","5,386,000,000","2,916,000,000","2,629,000,000","506,000,000","982,000,000","776,000,000","1,617,000,000","1,713,000,000","2,995,000,000","2,513,000,000","1,277,000,000","1,639,000,000","2,139,000,000","2,082,000,000","1,935,000,000","5,450,000,000","2,730,000,000","2,849,000,000","846,000,000","1,178,000,000","1,148,000,000","986,000,000","645,000,000","157,800,000","108,500,000","319,000,000","304,100,000","241,700,000","209,200,000","186,800,000",,,,
CreditLossesProvision,"-4,653,000,000","-5,399,000,000","-1,534,000,000","4,155,000,000","-14,129,000,000","-2,687,000,000","-1,744,000,000","-2,528,000,000","-3,770,000,000","-2,442,000,000","-1,395,000,000","-2,309,000,000","-7,217,000,000","-7,899,000,000","-15,753,000,000","-21,668,000,000","-15,979,000,000","-4,939,000,000","-2,204,000,000","-2,383,000,000","-1,717,000,000","-1,722,000,000","-1,684,000,000","-1,727,000,000","-1,329,000,000","-1,104,000,000","-1,545,000,000","-1,140,000,000","-500,000,000","-312,400,000","-164,900,000","-140,100,000","-176,900,000","-322,200,000","-242,600,000","-159,900,000",,,,
NonInterestExpense,"56,530,000,000","55,562,000,000","57,205,000,000","53,758,000,000","56,131,000,000","58,178,000,000","56,158,000,000","58,484,000,000","52,421,000,000","50,049,000,000","49,065,000,000","48,827,000,000","50,405,000,000","49,376,000,000","48,441,000,000","48,998,000,000","22,601,000,000","22,749,000,000","20,850,000,000","19,074,000,000","17,568,000,000","17,190,000,000","14,711,000,000","13,794,000,000","11,830,000,000","10,637,000,000","10,579,000,000","8,990,000,000","8,724,000,000","3,382,300,000","3,096,400,000","2,840,800,000","2,335,200,000","1,822,800,000","1,238,100,000","1,008,600,000",,,,
	OccupancyAndEquipment,"7,151,000,000","6,804,000,000","6,256,000,000","6,195,000,000","6,362,000,000","6,221,000,000","5,791,000,000","5,086,000,000","5,009,000,000","4,949,000,000","4,898,000,000","4,879,000,000","4,925,000,000","5,294,000,000","5,666,000,000","5,633,000,000","2,976,000,000","2,839,000,000","2,657,000,000","2,679,000,000","2,444,000,000","2,423,000,000","2,116,000,000","1,884,000,000","1,901,000,000","1,741,000,000","1,664,000,000","1,458,000,000","1,412,000,000","527,100,000","462,700,000","371,400,000","437,400,000","281,500,000","100,400,000","162,800,000",,,,
		NetOccupancyExpense,"2,941,000,000","2,884,000,000","2,881,000,000","2,968,000,000","3,263,000,000","2,945,000,000","2,888,000,000","2,849,000,000","2,855,000,000","2,886,000,000","2,925,000,000","2,895,000,000","2,857,000,000","3,011,000,000","3,030,000,000","3,127,000,000","1,619,000,000","1,545,000,000","1,405,000,000","1,412,000,000","1,208,000,000",,,,,,,,,,,,,,,,,,,
		Equipment,"4,210,000,000","3,920,000,000","3,375,000,000","3,227,000,000","3,099,000,000","3,276,000,000","2,903,000,000","2,237,000,000","2,154,000,000","2,063,000,000","1,973,000,000","1,984,000,000","2,068,000,000","2,283,000,000","2,636,000,000","2,506,000,000","1,357,000,000","1,294,000,000","1,252,000,000","1,267,000,000","1,236,000,000",,,,,,,,,,,,,,,,,,,
	ProfessionalExpenseAndContractServicesExpense,"4,792,000,000","5,085,000,000","5,188,000,000","5,723,000,000","6,706,000,000","6,745,000,000","6,588,000,000","3,813,000,000",,,,,,,,,,,,,,,,,,,,,,,,,,,,,,,,
	SellingGeneralAndAdministration,"36,770,000,000","36,641,000,000","34,845,000,000","36,141,000,000","35,411,000,000","36,204,000,000","33,942,000,000","36,623,000,000","33,061,000,000","31,654,000,000","30,870,000,000","31,097,000,000","30,160,000,000","28,933,000,000","28,409,000,000","28,316,000,000","13,060,000,000","13,402,000,000","11,927,000,000","10,455,000,000","8,924,000,000","8,446,000,000","8,372,000,000","6,182,000,000","5,487,000,000","4,851,000,000","4,416,000,000","3,811,000,000","3,624,000,000","1,745,100,000","1,573,700,000","1,416,500,000","1,087,100,000","891,900,000","642,500,000","528,700,000",,,,
		GeneralAndAdministrativeExpense,"35,875,000,000","35,829,000,000","34,340,000,000","35,541,000,000","34,811,000,000","35,128,000,000","33,085,000,000","36,009,000,000","33,061,000,000","31,654,000,000","30,870,000,000","31,097,000,000","30,160,000,000","28,933,000,000","28,409,000,000","28,316,000,000","13,060,000,000","13,402,000,000","11,927,000,000","10,455,000,000","8,924,000,000","8,446,000,000","8,372,000,000","6,182,000,000","5,487,000,000","4,851,000,000","4,416,000,000","3,811,000,000","3,624,000,000","1,745,100,000","1,573,700,000","1,416,500,000","1,087,100,000","891,900,000","642,500,000","528,700,000",,,,
			SalariesAndWages,"35,875,000,000","35,829,000,000","34,340,000,000","35,541,000,000","34,811,000,000","35,128,000,000","33,085,000,000","33,371,000,000","31,893,000,000","30,681,000,000","29,942,000,000","30,136,000,000","28,804,000,000","27,667,000,000","27,212,000,000","26,467,000,000","12,940,000,000","13,368,000,000","11,927,000,000","10,455,000,000","8,924,000,000","8,446,000,000","8,372,000,000","6,182,000,000","5,487,000,000","4,851,000,000","4,416,000,000","3,811,000,000","3,624,000,000","1,745,100,000","1,573,700,000","1,416,500,000","1,087,100,000","891,900,000","642,500,000","528,700,000",,,,
			RentAndLandingFees,,,,,,"1,155,000,000","1,334,000,000","1,351,000,000",,,,,,,,,,,,,,,,,,,,,,,,,,,,,,,,
			InsuranceAndClaims,,,,,,"526,000,000","1,110,000,000","1,287,000,000","1,168,000,000","973,000,000","928,000,000","961,000,000","1,356,000,000","1,266,000,000","1,197,000,000","1,849,000,000","120,000,000","34,000,000",,,,,,,,,,,,,,,,,,,,,,
			OtherGandA,,,,,,"673,000,000","660,000,000","891,000,000",,,,,,,,,,,,,,,,,,,,,,,,,,,,,,,,
		SellingAndMarketingExpense,"895,000,000","812,000,000","505,000,000","600,000,000","600,000,000","1,076,000,000","857,000,000","614,000,000",,,,,,"8,857,000,000","8,692,000,000","8,021,000,000","2,676,000,000",,,,,,,,,,,,,,,,,,,,,,,
	DepreciationAmortizationDepletionIncomeStatement,,,,,,"108,000,000","1,058,000,000","1,152,000,000","1,192,000,000","1,246,000,000","1,370,000,000","1,504,000,000","1,674,000,000","1,880,000,000","2,199,000,000","2,577,000,000",,,,,,,,,,,,,,,,,,,,,,,,
		DepreciationAndAmortizationInIncomeStatement,,,,,,"108,000,000","1,058,000,000","1,152,000,000","1,192,000,000","1,246,000,000","1,370,000,000","1,504,000,000","1,674,000,000","1,880,000,000","2,199,000,000","2,577,000,000",,,,,,,,,,,,,,,,,,,,,,,,
			Amortization,,,,,,"108,000,000","1,058,000,000","1,152,000,000","1,192,000,000","1,246,000,000","1,370,000,000","1,504,000,000","1,674,000,000","1,880,000,000","2,199,000,000","2,577,000,000",,,,,,,,,,,,,,,,,,,,,,,,
				AmortizationOfIntangiblesIncomeStatement,,,,,,"108,000,000","1,058,000,000","1,152,000,000","1,192,000,000","1,246,000,000","1,370,000,000","1,504,000,000","1,674,000,000","1,880,000,000","2,199,000,000","2,577,000,000",,,,,,,,,,,,,,,,,,,,,,,,
	OtherNonInterestExpense,"7,817,000,000","7,032,000,000","10,916,000,000","5,699,000,000","7,652,000,000","9,008,000,000","9,837,000,000","12,962,000,000","14,351,000,000","13,446,000,000","13,297,000,000","12,851,000,000","15,320,000,000","15,149,000,000","14,366,000,000","15,049,000,000","6,565,000,000","6,508,000,000","6,266,000,000","5,940,000,000","6,200,000,000","6,321,000,000","4,223,000,000","5,728,000,000","4,442,000,000","4,045,000,000","4,499,000,000","3,721,000,000","3,688,000,000","1,110,100,000","1,060,000,000","1,052,900,000","810,700,000","649,400,000","495,200,000","317,100,000",,,,
IncomefromAssociatesandOtherParticipatingInterests,,,,,,,,"1,268,000,000","879,000,000","2,230,000,000","2,380,000,000","1,472,000,000","1,485,000,000","1,482,000,000","779,000,000","185,000,000","-757,000,000","864,000,000","738,000,000","511,000,000","394,000,000",,,,,,,,,,,,,,,,,,,
SpecialIncomeCharges,,,"-5,000,000","-76,000,000","-1,499,000,000","0","32,000,000","976,000,000","44,000,000","75,000,000","28,000,000","-15,000,000","7,000,000","-17,000,000","-2,015,000,000","-22,000,000","3,000,000","3,000,000","13,000,000","56,000,000","-5,000,000",,,,,,,,,,,,,,,,,,,
	GainOnSaleOfBusiness,,,,,,,,"848,000,000","660,000,000",,,,,,,,,,,,,,,,,,,,,,,,,,,,,,,
	RestructuringAndMergernAcquisition,,,"5,000,000","76,000,000","1,499,000,000","0","0",,,,,,"218,000,000","1,700,000,000","1,900,000,000","895,000,000","124,000,000",,,,,,,,,,,,,,,,,,,,,,,
	OtherSpecialCharges,,,,,"-71,000,000","-82,000,000","-32,000,000","-128,000,000","-44,000,000","-75,000,000","-28,000,000","15,000,000","-7,000,000","17,000,000","115,000,000","22,000,000","-3,000,000","-3,000,000","-13,000,000","-56,000,000","5,000,000",,,,,,,,,,,,,,,,,,,
OtherNonOperatingIncomeExpenses,,,,,,"-4,321,000,000","-3,124,000,000","-5,492,000,000",,,,,,,,,,,,,,,,,,,,,,,,,,,,,,,,
PretaxIncome,"21,704,000,000","21,636,000,000","15,629,000,000","29,563,000,000","2,505,000,000","25,967,000,000","28,538,000,000","27,377,000,000","32,120,000,000","33,641,000,000","33,915,000,000","32,629,000,000","28,471,000,000","23,656,000,000","19,001,000,000","17,998,000,000","3,300,000,000","11,835,000,000","12,650,000,000","11,548,000,000","10,769,000,000","9,477,000,000","8,854,000,000","5,460,000,000","6,549,000,000","6,350,000,000","3,293,000,000","4,193,000,000","3,767,000,000","1,422,800,000","1,180,600,000","937,700,000","699,600,000","475,100,000","375,300,000","318,200,000",,,,
TaxProvision,"2,926,000,000","2,607,000,000","2,251,000,000","5,764,000,000","-1,157,000,000","5,761,000,000","5,662,000,000","4,917,000,000","10,075,000,000","10,365,000,000","10,307,000,000","10,405,000,000","9,103,000,000","7,445,000,000","6,338,000,000","5,331,000,000","602,000,000","3,570,000,000","4,230,000,000","3,877,000,000","3,755,000,000","3,275,000,000","3,144,000,000","2,049,000,000","2,523,000,000","2,338,000,000","1,343,000,000","1,694,000,000","1,539,000,000","466,800,000","380,200,000","284,100,000","181,200,000","76,600,000","94,700,000","81,200,000",,,,
NetIncomeCommonStockholders,"17,563,000,000","17,982,000,000","12,562,000,000","20,818,000,000","1,786,000,000","18,103,000,000","20,689,000,000","20,554,000,000","20,373,000,000","21,470,000,000","21,821,000,000","20,889,000,000","17,999,000,000","15,025,000,000","11,632,000,000","7,990,000,000","2,369,000,000","8,057,000,000","8,420,000,000","7,671,000,000","7,014,000,000","6,199,000,000","5,430,000,000","3,397,000,000","4,009,000,000","3,977,000,000","1,915,000,000","2,456,000,000","2,143,000,000","914,800,000","772,600,000","626,000,000","418,900,000","381,200,000","280,200,000","233,100,000","211,200,000","-38,700,000","111,500,000","94,100,000"
	NetIncome,"18,742,000,000","19,142,000,000","13,677,000,000","22,109,000,000","3,377,000,000","19,715,000,000","22,393,000,000","22,183,000,000","21,938,000,000","22,894,000,000","23,057,000,000","21,878,000,000","18,897,000,000","15,869,000,000","12,362,000,000","12,275,000,000","2,655,000,000","8,057,000,000","8,420,000,000","7,671,000,000","7,014,000,000","6,202,000,000","5,434,000,000","3,411,000,000","4,026,000,000","4,012,000,000","1,950,000,000","2,499,000,000","2,228,000,000","956,000,000","800,400,000","653,600,000","446,700,000","398,500,000","280,600,000","237,000,000","211,200,000","-29,800,000","121,700,000","107,600,000"
		NetIncomeIncludingNoncontrollingInterests,"18,778,000,000","19,029,000,000","13,378,000,000","23,799,000,000","3,662,000,000","20,206,000,000","22,876,000,000","22,460,000,000","22,045,000,000","23,276,000,000","23,608,000,000","22,224,000,000","19,368,000,000","16,211,000,000","12,663,000,000","12,667,000,000","2,698,000,000","8,265,000,000","8,420,000,000","7,671,000,000","7,014,000,000","6,202,000,000","5,434,000,000","3,411,000,000","4,026,000,000","4,012,000,000","1,950,000,000","2,499,000,000","2,228,000,000","956,000,000","800,400,000","653,600,000","446,700,000","398,500,000","280,600,000","237,000,000","211,200,000","-29,800,000","121,700,000","107,600,000"
			NetIncomeContinuousOperations,"18,778,000,000","19,029,000,000","13,378,000,000","23,799,000,000","3,662,000,000","20,206,000,000","22,876,000,000","22,460,000,000","22,045,000,000","23,276,000,000","23,608,000,000","22,224,000,000","19,368,000,000","16,211,000,000","12,663,000,000","12,667,000,000","2,698,000,000","8,265,000,000","8,420,000,000","7,671,000,000","7,014,000,000","6,202,000,000","5,710,000,000","3,411,000,000","4,026,000,000","4,012,000,000","1,950,000,000","2,499,000,000","2,228,000,000","956,000,000","800,400,000","653,600,000","518,400,000","398,500,000","280,600,000","237,000,000","211,200,000","-29,800,000","121,700,000","107,600,000"
			NetIncomeExtraordinary,,,,,,,,,,,,,,,,,,,,,,,"-276,000,000",,,,,,,,,,"-71,700,000",,,,,,,
		MinorityInterests,"-36,000,000","113,000,000","299,000,000","-1,690,000,000","-285,000,000","-491,000,000","-483,000,000","-277,000,000","-107,000,000","-382,000,000","-551,000,000","-346,000,000","-471,000,000","-342,000,000","-301,000,000","-392,000,000","-43,000,000","-208,000,000",,,,,,,,,,,,,,,,,,,,,,
	PreferredStockDividends,"1,179,000,000","1,160,000,000","1,115,000,000","1,291,000,000","1,591,000,000","1,612,000,000","1,704,000,000","1,629,000,000","1,565,000,000","1,424,000,000","1,236,000,000","989,000,000","898,000,000","844,000,000","730,000,000","4,285,000,000","286,000,000",,,,,"3,000,000","4,000,000","14,000,000","17,000,000","35,000,000","35,000,000","43,000,000","85,000,000","41,200,000","27,800,000","27,600,000","27,800,000","17,300,000","400,000","3,900,000",,,,
DilutedNIAvailtoComStockholders,"17,563,000,000","17,982,000,000","12,562,000,000","20,818,000,000","1,786,000,000","18,103,000,000","20,689,000,000","20,554,000,000","20,373,000,000","21,470,000,000","21,821,000,000","20,889,000,000","17,999,000,000","15,025,000,000","11,632,000,000","7,990,000,000","2,369,000,000","8,057,000,000","8,420,000,000","7,671,000,000","7,014,000,000","6,199,000,000","5,430,000,000","3,397,000,000","4,009,000,000","3,977,000,000","1,915,000,000","2,456,000,000","2,143,000,000","914,800,000","772,600,000","626,000,000","418,900,000","381,200,000","280,200,000","233,100,000","211,200,000","-38,700,000","111,500,000","94,100,000"
BasicEPS,"4.94","4.88","3.17","4.99","0.42","4.08","4.31","4.14","4.03","4.21","4.17","3.95","3.4","2.85","2.23","1.76","0.76","2.41","2.5","2.27","2.07","1.845","1.595","0.995","1.175","1.16","0.59","0.75","0.69","0.695","0.613","0.475","0.3","0.37","0.345","0.315","0.285","-0.055","0.155","0.135"
DilutedEPS,"4.88","4.83","3.14","4.99","0.41","4.05","4.28","4.1","3.99","4.15","4.1","3.89","3.36","2.82","2.21","1.75","0.75","2.38","2.47","2.25","2.05","1.825","1.58","0.985","1.16","1.145","0.585","0.74","0.68","0.68","0.603","0.465","0.3","0.365","0.34","0.315","0.28","-0.055","0.15","0.13"
BasicAverageShares,"3,569,100,000","3,688,300,000","3,805,200,000","4,061,900,000","4,118,000,000","4,393,100,000","4,799,700,000","4,964,600,000","5,052,800,000","5,136,500,000","5,237,200,000","5,287,300,000","5,287,600,000","5,278,100,000","5,226,800,000","4,545,200,000","3,378,100,000","3,348,500,000","3,368,300,000","3,372,500,000","3,384,400,000","3,362,200,000","3,402,200,000","3,414,070,352","3,411,914,894","3,428,448,276","3,243,000,000","1,498,625,954","1,460,526,316","1,316,258,993","1,260,400,000","1,317,894,737","1,396,333,333","1,030,270,270","812,173,913","740,000,000","741,052,632","703,636,364","719,354,839","697,037,037"
DilutedAverageShares,"3,605,800,000","3,720,400,000","3,837,000,000","4,096,200,000","4,134,200,000","4,425,400,000","4,838,400,000","5,017,300,000","5,108,300,000","5,209,800,000","5,324,400,000","5,371,200,000","5,351,500,000","5,323,400,000","5,263,100,000","4,562,700,000","3,391,300,000","3,382,800,000","3,410,100,000","3,410,900,000","3,426,700,000","3,395,000,000","3,436,000,000","3,448,730,964","3,456,034,483","3,473,362,445","3,283,600,000","1,521,860,465","1,473,451,327","1,345,294,118","1,282,323,651","1,346,236,559","1,396,333,333","1,044,383,562","824,117,647","740,000,000","754,285,714","703,636,364","743,333,333","723,846,154"
RentExpenseSupplemental,,,,,,"1,155,000,000","1,334,000,000","1,351,000,000",,,,,,,,,,,,,,,,,,,,,,,,,,,,,,,,
InterestIncomeAfterProvisionForLoanLoss,"45,373,000,000","46,976,000,000","43,416,000,000","39,934,000,000","25,827,000,000","44,616,000,000","48,251,000,000","47,029,000,000","43,984,000,000","42,859,000,000","42,132,000,000","40,491,000,000","36,013,000,000","34,864,000,000","29,004,000,000","24,656,000,000","9,164,000,000","16,035,000,000","17,747,000,000","16,121,000,000","15,433,000,000","14,285,000,000","12,798,000,000","10,249,000,000","9,536,000,000","9,012,000,000","7,445,000,000","7,508,000,000","7,722,000,000","2,956,900,000","2,638,700,000","2,236,000,000","1,832,100,000","1,309,300,000","908,800,000","797,800,000",,,,
NetIncomeFromContinuingAndDiscontinuedOperation,"18,742,000,000","19,142,000,000","13,677,000,000","22,109,000,000","3,377,000,000","19,715,000,000","22,393,000,000","22,183,000,000","21,938,000,000","22,894,000,000","23,057,000,000","21,878,000,000","18,897,000,000","15,869,000,000","12,362,000,000","12,275,000,000","2,655,000,000","8,057,000,000","8,420,000,000","7,671,000,000","7,014,000,000","6,202,000,000","5,710,000,000","3,411,000,000","4,026,000,000","4,012,000,000","1,950,000,000","2,499,000,000","2,228,000,000","956,000,000","800,400,000","653,600,000","518,400,000","398,500,000","280,600,000","237,000,000","211,200,000","-29,800,000","121,700,000","107,600,000"
NormalizedIncome,"18,742,000,000","19,142,000,000","13,677,000,000","22,109,000,000","4,471,270,000","19,715,000,000","22,367,464,000","22,183,000,000","21,907,860,000","22,842,400,000","23,037,652,000","21,888,170,000","18,892,275,000","15,880,577,000","13,704,873,796.116","12,290,483,609.29","2,652,547,272.727","8,054,904,942.966","8,411,347,035.573","7,633,800,831.313","7,017,256,569.784","6,202,000,000","5,710,000,000","3,411,000,000","2,716,581,768.209","3,375,134,488.189","1,882,200,000","2,384,400,000","2,074,400,000","887,397,526.005","748,129,256.31","612,127,034.233","496,392,452.83","402,358,345.611","272,899,014.122","241,468,887.492","211,200,000","-29,800,000","121,700,000","107,600,000"
ReconciledDepreciation,"6,882,000,000","6,271,000,000","6,832,000,000","7,890,000,000","8,219,000,000","6,573,000,000","5,593,000,000","5,406,000,000","4,970,000,000","3,288,000,000","2,515,000,000","3,293,000,000","2,807,000,000","2,208,000,000","1,924,000,000","2,841,000,000","1,669,000,000","1,532,000,000","3,221,000,000","4,161,000,000","3,449,000,000","4,305,000,000","4,297,000,000","3,864,000,000","1,790,000,000","1,971,000,000","2,168,000,000","1,734,000,000","1,458,000,000","311,800,000","232,200,000","194,800,000","310,700,000","149,100,000","94,700,000","59,200,000",,,,
NetIncomeFromContinuingOperationNetMinorityInterest,"18,742,000,000","19,142,000,000","13,677,000,000","22,109,000,000","3,377,000,000","19,715,000,000","22,393,000,000","22,183,000,000","21,938,000,000","22,894,000,000","23,057,000,000","21,878,000,000","18,897,000,000","15,869,000,000","12,362,000,000","12,275,000,000","2,655,000,000","8,057,000,000","8,420,000,000","7,671,000,000","7,014,000,000","6,202,000,000","5,710,000,000","3,411,000,000","4,026,000,000","4,012,000,000","1,950,000,000","2,499,000,000","2,228,000,000","956,000,000","800,400,000","653,600,000","518,400,000","398,500,000","280,600,000","237,000,000","211,200,000","-29,800,000","121,700,000","107,600,000"
TotalUnusualItemsExcludingGoodwill,"0",,"-5,000,000","-76,000,000","-1,499,000,000","0","32,000,000","976,000,000","44,000,000","75,000,000","28,000,000","-15,000,000","7,000,000","-17,000,000","-2,015,000,000","-22,000,000","3,000,000","3,000,000","13,000,000","56,000,000","-5,000,000",,"-327,000,000","-1,630,000,000","2,130,000,000","1,008,000,000","113,000,000","191,000,000","256,000,000","102,100,000","77,100,000","59,500,000","29,700,000","-4,600,000","10,300,000","-6,000,000",,,,
TotalUnusualItems,"0",,"-5,000,000","-76,000,000","-1,499,000,000","0","32,000,000","976,000,000","44,000,000","75,000,000","28,000,000","-15,000,000","7,000,000","-17,000,000","-2,015,000,000","-22,000,000","3,000,000","3,000,000","13,000,000","56,000,000","-5,000,000",,"-327,000,000","-1,630,000,000","2,130,000,000","1,008,000,000","113,000,000","191,000,000","256,000,000","102,100,000","77,100,000","59,500,000","29,700,000","-4,600,000","10,300,000","-6,000,000",,,,
TaxRateForCalcs,"0.135","0.12","0.141","0.207","0.27","0.226","0.202","0.181","0.315","0.312","0.309","0.322","0.325","0.319","0.334","0.296","0.182","0.302","0.334","0.336","0.349","0.346","0.355","0.375","0.385","0.368","0.4","0.4","0.4","0.328","0.322","0.303","0.259","0.161","0.252","0.255","0.4","0.4","0.4","0.4"
TaxEffectOfUnusualItems,"0","0","0","0","-404,730,000","0","6,464,000","0","13,860,000","23,400,000","8,652,000","-4,830,000","2,275,000","-5,423,000","-672,126,203.884","-6,516,390.71","547,272.727","904,942.966","4,347,035.573","18,800,831.313","-1,743,430.216","0","0","0","820,581,768.209","371,134,488.189","45,200,000","76,400,000","102,400,000","33,497,526.005","24,829,256.31","18,027,034.233","7,692,452.83","-741,654.389","2,599,014.122","-1,531,112.508","0","0","0","0"